{"OrderBookAsks":[{"Time":"2019-03-26T14:16:30","Situation":"flat","Type":"ask","Price":134.10000000,"Amount":781.40387000,"Done":false},{"Time":"2019-03-26T14:16:30","Situation":"flat","Type":"ask","Price":134.10000000,"Amount":781.40387000,"Done":false},{"Time":"2019-03-26T14:21:31","Situation":"flat","Type":"ask","Price":134.10000000,"Amount":781.40387000,"Done":false},{"Time":"2019-03-26T14:21:31","Situation":"flat","Type":"ask","Price":134.10000000,"Amount":781.40387000,"Done":false},{"Time":"2019-03-26T14:26:34","Situation":"flat","Type":"ask","Price":134.10000000,"Amount":781.40387000,"Done":false},{"Time":"2019-03-26T14:26:34","Situation":"flat","Type":"ask","Price":134.10000000,"Amount":781.40387000,"Done":false},{"Time":"2019-03-26T14:31:34","Situation":"flat","Type":"ask","Price":134.10000000,"Amount":781.40387000,"Done":false},{"Time":"2019-03-26T14:31:34","Situation":"flat","Type":"ask","Price":134.10000000,"Amount":781.40387000,"Done":false},{"Time":"2019-03-26T14:36:34","Situation":"flat","Type":"ask","Price":134.10000000,"Amount":781.40387000,"Done":false},{"Time":"2019-03-26T14:36:34","Situation":"flat","Type":"ask","Price":134.10000000,"Amount":781.40387000,"Done":false},{"Time":"2019-03-26T14:41:36","Situation":"flat","Type":"ask","Price":134.10000000,"Amount":781.40387000,"Done":false},{"Time":"2019-03-26T14:41:36","Situation":"flat","Type":"ask","Price":134.10000000,"Amount":781.40387000,"Done":false},{"Time":"2019-03-26T14:46:40","Situation":"flat","Type":"ask","Price":134.10000000,"Amount":781.40387000,"Done":false},{"Time":"2019-03-26T14:46:40","Situation":"flat","Type":"ask","Price":134.10000000,"Amount":781.40387000,"Done":false},{"Time":"2019-03-26T14:51:40","Situation":"flat","Type":"ask","Price":134.10000000,"Amount":781.40387000,"Done":false},{"Time":"2019-03-26T14:51:44","Situation":"flat","Type":"ask","Price":134.10000000,"Amount":781.40387000,"Done":false},{"Time":"2019-03-26T14:56:44","Situation":"flat","Type":"ask","Price":134.10000000,"Amount":781.40387000,"Done":false},{"Time":"2019-03-26T14:56:44","Situation":"flat","Type":"ask","Price":134.10000000,"Amount":781.40387000,"Done":false},{"Time":"2019-03-26T15:01:44","Situation":"flat","Type":"ask","Price":134.10000000,"Amount":781.40387000,"Done":false},{"Time":"2019-03-26T15:01:44","Situation":"flat","Type":"ask","Price":134.10000000,"Amount":781.40387000,"Done":false},{"Time":"2019-03-26T15:06:44","Situation":"flat","Type":"ask","Price":134.10000000,"Amount":781.40387000,"Done":false},{"Time":"2019-03-26T15:06:45","Situation":"flat","Type":"ask","Price":134.10000000,"Amount":781.40387000,"Done":false},{"Time":"2019-03-26T15:11:47","Situation":"flat","Type":"ask","Price":134.10000000,"Amount":781.40387000,"Done":false},{"Time":"2019-03-26T15:11:47","Situation":"flat","Type":"ask","Price":134.10000000,"Amount":781.40387000,"Done":false},{"Time":"2019-03-26T15:16:51","Situation":"flat","Type":"ask","Price":134.10000000,"Amount":781.40387000,"Done":false},{"Time":"2019-03-26T15:16:51","Situation":"flat","Type":"ask","Price":134.10000000,"Amount":781.40387000,"Done":false},{"Time":"2019-03-26T15:21:51","Situation":"flat","Type":"ask","Price":134.10000000,"Amount":781.40387000,"Done":false},{"Time":"2019-03-26T15:21:51","Situation":"flat","Type":"ask","Price":134.10000000,"Amount":781.40387000,"Done":false},{"Time":"2019-03-26T15:26:51","Situation":"flat","Type":"ask","Price":134.10000000,"Amount":781.40387000,"Done":false},{"Time":"2019-03-26T15:26:51","Situation":"flat","Type":"ask","Price":134.10000000,"Amount":781.40387000,"Done":false},{"Time":"2019-03-26T15:31:53","Situation":"flat","Type":"ask","Price":134.10000000,"Amount":782.40387000,"Done":false},{"Time":"2019-03-26T15:31:54","Situation":"flat","Type":"ask","Price":134.10000000,"Amount":782.40387000,"Done":false},{"Time":"2019-03-26T15:36:53","Situation":"flat","Type":"ask","Price":134.10000000,"Amount":781.64387000,"Done":false},{"Time":"2019-03-26T15:36:58","Situation":"flat","Type":"ask","Price":134.10000000,"Amount":781.34704000,"Done":false},{"Time":"2019-03-26T15:41:57","Situation":"flat","Type":"ask","Price":134.10000000,"Amount":781.10704000,"Done":false},{"Time":"2019-03-26T15:42:04","Situation":"flat","Type":"ask","Price":134.10000000,"Amount":781.10704000,"Done":false},{"Time":"2019-03-26T15:47:00","Situation":"flat","Type":"ask","Price":134.10000000,"Amount":781.10704000,"Done":false},{"Time":"2019-03-26T15:47:06","Situation":"flat","Type":"ask","Price":134.10000000,"Amount":781.10704000,"Done":false},{"Time":"2019-03-26T15:52:05","Situation":"flat","Type":"ask","Price":134.10000000,"Amount":803.10704000,"Done":false},{"Time":"2019-03-26T15:52:10","Situation":"flat","Type":"ask","Price":134.10000000,"Amount":803.10704000,"Done":false},{"Time":"2019-03-26T15:57:06","Situation":"flat","Type":"ask","Price":134.00000000,"Amount":777.92974000,"Done":false},{"Time":"2019-03-26T15:57:06","Situation":"flat","Type":"ask","Price":134.10000000,"Amount":781.10704000,"Done":false},{"Time":"2019-03-26T15:57:11","Situation":"flat","Type":"ask","Price":134.00000000,"Amount":777.92974000,"Done":false},{"Time":"2019-03-26T15:57:11","Situation":"flat","Type":"ask","Price":134.10000000,"Amount":781.10704000,"Done":false},{"Time":"2019-03-26T16:02:07","Situation":"flat","Type":"ask","Price":134.10000000,"Amount":831.80599000,"Done":false},{"Time":"2019-03-26T16:02:11","Situation":"flat","Type":"ask","Price":134.10000000,"Amount":831.80599000,"Done":false},{"Time":"2019-03-26T16:07:09","Situation":"flat","Type":"ask","Price":134.10000000,"Amount":781.40599000,"Done":false},{"Time":"2019-03-26T16:07:14","Situation":"flat","Type":"ask","Price":134.10000000,"Amount":781.40599000,"Done":false},{"Time":"2019-03-26T16:12:11","Situation":"flat","Type":"ask","Price":134.10000000,"Amount":781.40599000,"Done":false},{"Time":"2019-03-26T16:12:16","Situation":"flat","Type":"ask","Price":134.10000000,"Amount":781.40599000,"Done":false},{"Time":"2019-03-26T16:17:15","Situation":"flat","Type":"ask","Price":134.10000000,"Amount":781.40599000,"Done":false},{"Time":"2019-03-26T16:17:20","Situation":"flat","Type":"ask","Price":134.10000000,"Amount":781.40599000,"Done":false},{"Time":"2019-03-26T16:22:16","Situation":"flat","Type":"ask","Price":134.10000000,"Amount":781.40599000,"Done":false},{"Time":"2019-03-26T16:22:21","Situation":"flat","Type":"ask","Price":134.10000000,"Amount":781.40599000,"Done":false},{"Time":"2019-03-26T16:27:16","Situation":"flat","Type":"ask","Price":134.00000000,"Amount":762.19232000,"Done":false},{"Time":"2019-03-26T16:27:16","Situation":"flat","Type":"ask","Price":134.10000000,"Amount":781.40599000,"Done":false},{"Time":"2019-03-26T16:27:21","Situation":"flat","Type":"ask","Price":134.00000000,"Amount":762.19232000,"Done":false},{"Time":"2019-03-26T16:27:21","Situation":"flat","Type":"ask","Price":134.10000000,"Amount":781.40599000,"Done":false},{"Time":"2019-03-26T16:32:16","Situation":"flat","Type":"ask","Price":134.10000000,"Amount":781.40599000,"Done":false},{"Time":"2019-03-26T16:32:21","Situation":"flat","Type":"ask","Price":134.10000000,"Amount":781.40599000,"Done":false},{"Time":"2019-03-26T16:37:19","Situation":"flat","Type":"ask","Price":134.00000000,"Amount":760.69732000,"Done":false},{"Time":"2019-03-26T16:37:19","Situation":"flat","Type":"ask","Price":134.10000000,"Amount":781.40599000,"Done":false},{"Time":"2019-03-26T16:37:24","Situation":"flat","Type":"ask","Price":134.00000000,"Amount":760.69732000,"Done":false},{"Time":"2019-03-26T16:37:24","Situation":"flat","Type":"ask","Price":134.10000000,"Amount":781.40599000,"Done":false},{"Time":"2019-03-26T16:42:20","Situation":"flat","Type":"ask","Price":134.10000000,"Amount":781.40599000,"Done":false},{"Time":"2019-03-26T16:42:25","Situation":"flat","Type":"ask","Price":134.10000000,"Amount":781.40599000,"Done":false},{"Time":"2019-03-26T16:47:24","Situation":"flat","Type":"ask","Price":134.10000000,"Amount":781.40599000,"Done":false},{"Time":"2019-03-26T16:47:29","Situation":"flat","Type":"ask","Price":134.10000000,"Amount":781.40599000,"Done":false},{"Time":"2019-03-26T16:52:25","Situation":"flat","Type":"ask","Price":134.10000000,"Amount":781.40599000,"Done":false},{"Time":"2019-03-26T16:52:30","Situation":"flat","Type":"ask","Price":134.10000000,"Amount":781.40599000,"Done":false},{"Time":"2019-03-26T16:57:25","Situation":"flat","Type":"ask","Price":134.10000000,"Amount":781.40599000,"Done":false},{"Time":"2019-03-26T16:57:34","Situation":"flat","Type":"ask","Price":134.10000000,"Amount":781.40599000,"Done":false},{"Time":"2019-03-26T17:02:29","Situation":"flat","Type":"ask","Price":134.10000000,"Amount":781.40599000,"Done":false},{"Time":"2019-03-26T17:02:35","Situation":"flat","Type":"ask","Price":134.10000000,"Amount":781.40599000,"Done":false},{"Time":"2019-03-26T17:07:31","Situation":"flat","Type":"ask","Price":134.10000000,"Amount":781.40599000,"Done":false},{"Time":"2019-03-26T17:07:36","Situation":"flat","Type":"ask","Price":134.10000000,"Amount":781.40599000,"Done":false},{"Time":"2019-03-26T17:12:31","Situation":"flat","Type":"ask","Price":134.10000000,"Amount":781.40599000,"Done":false},{"Time":"2019-03-26T17:12:40","Situation":"flat","Type":"ask","Price":134.10000000,"Amount":781.40599000,"Done":false},{"Time":"2019-03-26T17:17:32","Situation":"flat","Type":"ask","Price":134.10000000,"Amount":781.40599000,"Done":false},{"Time":"2019-03-26T17:17:42","Situation":"flat","Type":"ask","Price":134.10000000,"Amount":781.40599000,"Done":false},{"Time":"2019-03-26T17:22:35","Situation":"flat","Type":"ask","Price":134.00000000,"Amount":810.61977000,"Done":false},{"Time":"2019-03-26T17:22:35","Situation":"flat","Type":"ask","Price":134.10000000,"Amount":781.40599000,"Done":false},{"Time":"2019-03-26T17:22:46","Situation":"flat","Type":"ask","Price":134.00000000,"Amount":810.61977000,"Done":false},{"Time":"2019-03-26T17:22:46","Situation":"flat","Type":"ask","Price":134.10000000,"Amount":781.40599000,"Done":false},{"Time":"2019-03-26T17:27:35","Situation":"flat","Type":"ask","Price":134.00000000,"Amount":810.61977000,"Done":false},{"Time":"2019-03-26T17:27:35","Situation":"flat","Type":"ask","Price":134.10000000,"Amount":781.40599000,"Done":false},{"Time":"2019-03-26T17:27:49","Situation":"flat","Type":"ask","Price":134.00000000,"Amount":810.61977000,"Done":false},{"Time":"2019-03-26T17:27:49","Situation":"flat","Type":"ask","Price":134.10000000,"Amount":781.40599000,"Done":false},{"Time":"2019-03-26T17:32:37","Situation":"flat","Type":"ask","Price":134.00000000,"Amount":810.61977000,"Done":false},{"Time":"2019-03-26T17:32:37","Situation":"flat","Type":"ask","Price":134.10000000,"Amount":781.40599000,"Done":false},{"Time":"2019-03-26T17:32:52","Situation":"flat","Type":"ask","Price":134.00000000,"Amount":810.61977000,"Done":false},{"Time":"2019-03-26T17:32:52","Situation":"flat","Type":"ask","Price":134.10000000,"Amount":781.40599000,"Done":false},{"Time":"2019-03-26T17:37:39","Situation":"flat","Type":"ask","Price":134.10000000,"Amount":781.40599000,"Done":false},{"Time":"2019-03-26T17:37:55","Situation":"flat","Type":"ask","Price":134.10000000,"Amount":781.40599000,"Done":false},{"Time":"2019-03-26T17:42:40","Situation":"flat","Type":"ask","Price":134.10000000,"Amount":781.40599000,"Done":false},{"Time":"2019-03-26T17:42:59","Situation":"flat","Type":"ask","Price":134.10000000,"Amount":781.40599000,"Done":false},{"Time":"2019-03-26T17:47:41","Situation":"flat","Type":"ask","Price":134.10000000,"Amount":781.40599000,"Done":false},{"Time":"2019-03-26T17:48:04","Situation":"flat","Type":"ask","Price":134.10000000,"Amount":781.40599000,"Done":false},{"Time":"2019-03-26T17:52:44","Situation":"flat","Type":"ask","Price":134.10000000,"Amount":781.40599000,"Done":false},{"Time":"2019-03-26T17:53:06","Situation":"flat","Type":"ask","Price":134.10000000,"Amount":781.40599000,"Done":false},{"Time":"2019-03-26T17:57:46","Situation":"flat","Type":"ask","Price":134.10000000,"Amount":781.40599000,"Done":false},{"Time":"2019-03-26T17:58:07","Situation":"flat","Type":"ask","Price":134.10000000,"Amount":781.40599000,"Done":false},{"Time":"2019-03-26T18:02:50","Situation":"flat","Type":"ask","Price":134.10000000,"Amount":781.40599000,"Done":false},{"Time":"2019-03-26T18:03:11","Situation":"flat","Type":"ask","Price":134.10000000,"Amount":781.40599000,"Done":false},{"Time":"2019-03-26T20:47:13","Situation":"flat","Type":"ask","Price":135.00000000,"Amount":847.81808000,"Done":false},{"Time":"2019-03-26T20:47:23","Situation":"flat","Type":"ask","Price":135.00000000,"Amount":847.81808000,"Done":false}],"OrderBookBids":[{"Time":"2019-03-26T17:52:44","Situation":"flat","Type":"bid","Price":132.00000000,"Amount":774.62615000,"Done":false},{"Time":"2019-03-26T17:57:46","Situation":"flat","Type":"bid","Price":132.00000000,"Amount":780.67786000,"Done":false},{"Time":"2019-03-26T17:58:07","Situation":"flat","Type":"bid","Price":132.00000000,"Amount":780.67786000,"Done":false}],"TradeHistory":[{"Time":"2019-03-26T00:02:04","Situation":"flat","Id":"59409949","Type":"market","Side":"sell","OrderTime":"2019-03-26T00:00:56","Price":134.05000000,"Amount":80.11820000},{"Time":"2019-03-26T00:17:09","Situation":"flat","Id":"59410613","Type":"market","Side":"sell","OrderTime":"2019-03-26T00:14:47","Price":134.37000000,"Amount":100.28962000},{"Time":"2019-03-26T00:17:09","Situation":"flat","Id":"59410617","Type":"market","Side":"sell","OrderTime":"2019-03-26T00:14:48","Price":134.37000000,"Amount":68.37500000},{"Time":"2019-03-26T00:17:09","Situation":"flat","Id":"59410619","Type":"market","Side":"sell","OrderTime":"2019-03-26T00:14:48","Price":134.37000000,"Amount":215.00000000},{"Time":"2019-03-26T00:17:09","Situation":"flat","Id":"59410623","Type":"market","Side":"sell","OrderTime":"2019-03-26T00:14:48","Price":134.37000000,"Amount":100.62247000},{"Time":"2019-03-26T00:22:10","Situation":"flat","Id":"59410845","Type":"market","Side":"buy","OrderTime":"2019-03-26T00:18:03","Price":134.40000000,"Amount":89.33712000},{"Time":"2019-03-26T00:22:10","Situation":"flat","Id":"59410894","Type":"market","Side":"buy","OrderTime":"2019-03-26T00:18:41","Price":134.40000000,"Amount":74.38809000},{"Time":"2019-03-26T00:32:16","Situation":"flat","Id":"59411344","Type":"market","Side":"sell","OrderTime":"2019-03-26T00:28:59","Price":134.16000000,"Amount":123.62123000},{"Time":"2019-03-26T00:32:16","Situation":"flat","Id":"59411345","Type":"market","Side":"sell","OrderTime":"2019-03-26T00:28:59","Price":134.15000000,"Amount":221.78918000},{"Time":"2019-03-26T00:32:16","Situation":"flat","Id":"59411349","Type":"market","Side":"sell","OrderTime":"2019-03-26T00:28:59","Price":134.09000000,"Amount":114.99762000},{"Time":"2019-03-26T00:32:16","Situation":"flat","Id":"59411350","Type":"market","Side":"sell","OrderTime":"2019-03-26T00:28:59","Price":134.08000000,"Amount":292.99763000},{"Time":"2019-03-26T00:32:16","Situation":"flat","Id":"59411367","Type":"market","Side":"sell","OrderTime":"2019-03-26T00:29:03","Price":134.08000000,"Amount":54.67178000},{"Time":"2019-03-26T00:32:16","Situation":"flat","Id":"59411369","Type":"market","Side":"sell","OrderTime":"2019-03-26T00:29:03","Price":134.06000000,"Amount":123.45512000},{"Time":"2019-03-26T00:37:20","Situation":"flat","Id":"59411561","Type":"market","Side":"buy","OrderTime":"2019-03-26T00:33:43","Price":134.23000000,"Amount":54.18714000},{"Time":"2019-03-26T00:37:20","Situation":"flat","Id":"59411571","Type":"market","Side":"buy","OrderTime":"2019-03-26T00:33:43","Price":134.27000000,"Amount":62.03100000},{"Time":"2019-03-26T01:22:35","Situation":"flat","Id":"59413640","Type":"market","Side":"buy","OrderTime":"2019-03-26T01:20:19","Price":134.55000000,"Amount":164.74348000},{"Time":"2019-03-26T01:32:36","Situation":"flat","Id":"59413913","Type":"market","Side":"buy","OrderTime":"2019-03-26T01:27:57","Price":134.44000000,"Amount":59.51270000},{"Time":"2019-03-26T01:42:39","Situation":"flat","Id":"59414348","Type":"market","Side":"sell","OrderTime":"2019-03-26T01:39:04","Price":134.30000000,"Amount":67.79000000},{"Time":"2019-03-26T01:42:39","Situation":"flat","Id":"59414363","Type":"market","Side":"buy","OrderTime":"2019-03-26T01:39:05","Price":134.30000000,"Amount":50.00000000},{"Time":"2019-03-26T01:42:39","Situation":"flat","Id":"59414364","Type":"market","Side":"buy","OrderTime":"2019-03-26T01:39:05","Price":134.30000000,"Amount":120.00000000},{"Time":"2019-03-26T02:02:47","Situation":"flat","Id":"59415329","Type":"market","Side":"buy","OrderTime":"2019-03-26T01:59:21","Price":134.51000000,"Amount":57.83522000},{"Time":"2019-03-26T02:07:50","Situation":"flat","Id":"59415727","Type":"market","Side":"sell","OrderTime":"2019-03-26T02:05:11","Price":134.35000000,"Amount":70.91988000},{"Time":"2019-03-26T02:38:05","Situation":"flat","Id":"59417179","Type":"market","Side":"buy","OrderTime":"2019-03-26T02:35:56","Price":134.46000000,"Amount":59.82945000},{"Time":"2019-03-26T02:43:06","Situation":"flat","Id":"59417323","Type":"market","Side":"buy","OrderTime":"2019-03-26T02:40:23","Price":134.55000000,"Amount":200.00000000},{"Time":"2019-03-26T03:28:29","Situation":"flat","Id":"59419529","Type":"market","Side":"sell","OrderTime":"2019-03-26T03:28:06","Price":134.61000000,"Amount":69.51479000},{"Time":"2019-03-26T03:43:34","Situation":"flat","Id":"59420124","Type":"market","Side":"sell","OrderTime":"2019-03-26T03:42:47","Price":134.52000000,"Amount":52.86476000},{"Time":"2019-03-26T03:58:42","Situation":"flat","Id":"59420660","Type":"market","Side":"sell","OrderTime":"2019-03-26T03:53:55","Price":134.22000000,"Amount":75.20145000},{"Time":"2019-03-26T03:58:42","Situation":"flat","Id":"59420667","Type":"market","Side":"sell","OrderTime":"2019-03-26T03:53:55","Price":134.12000000,"Amount":62.12140000},{"Time":"2019-03-26T03:58:42","Situation":"flat","Id":"59420671","Type":"market","Side":"sell","OrderTime":"2019-03-26T03:53:55","Price":134.08000000,"Amount":158.25374000},{"Time":"2019-03-26T03:58:42","Situation":"flat","Id":"59420672","Type":"market","Side":"sell","OrderTime":"2019-03-26T03:53:55","Price":134.07000000,"Amount":64.79607000},{"Time":"2019-03-26T03:58:42","Situation":"flat","Id":"59420673","Type":"market","Side":"sell","OrderTime":"2019-03-26T03:53:55","Price":134.06000000,"Amount":328.74546000},{"Time":"2019-03-26T03:58:42","Situation":"flat","Id":"59420676","Type":"market","Side":"sell","OrderTime":"2019-03-26T03:53:55","Price":134.00000000,"Amount":311.24315000},{"Time":"2019-03-26T03:58:42","Situation":"flat","Id":"59420890","Type":"market","Side":"sell","OrderTime":"2019-03-26T03:57:36","Price":134.26000000,"Amount":52.60498000},{"Time":"2019-03-26T05:14:19","Situation":"flat","Id":"59423974","Type":"market","Side":"buy","OrderTime":"2019-03-26T05:12:19","Price":134.33000000,"Amount":63.74381000},{"Time":"2019-03-26T05:14:19","Situation":"flat","Id":"59423975","Type":"market","Side":"buy","OrderTime":"2019-03-26T05:12:19","Price":134.34000000,"Amount":88.62141000},{"Time":"2019-03-26T05:14:19","Situation":"flat","Id":"59423977","Type":"market","Side":"buy","OrderTime":"2019-03-26T05:12:19","Price":134.36000000,"Amount":53.82778000},{"Time":"2019-03-26T05:14:19","Situation":"flat","Id":"59423988","Type":"market","Side":"sell","OrderTime":"2019-03-26T05:12:21","Price":134.26000000,"Amount":54.07175000},{"Time":"2019-03-26T05:29:21","Situation":"flat","Id":"59424676","Type":"market","Side":"sell","OrderTime":"2019-03-26T05:28:09","Price":134.42000000,"Amount":54.70000000},{"Time":"2019-03-26T05:34:24","Situation":"flat","Id":"59424769","Type":"market","Side":"sell","OrderTime":"2019-03-26T05:29:34","Price":134.42000000,"Amount":234.74867000},{"Time":"2019-03-26T05:39:24","Situation":"flat","Id":"59425084","Type":"market","Side":"sell","OrderTime":"2019-03-26T05:34:48","Price":134.30000000,"Amount":238.79258000},{"Time":"2019-03-26T06:04:34","Situation":"flat","Id":"59426395","Type":"market","Side":"buy","OrderTime":"2019-03-26T06:01:17","Price":134.18000000,"Amount":64.07924000},{"Time":"2019-03-26T06:14:36","Situation":"flat","Id":"59426829","Type":"market","Side":"sell","OrderTime":"2019-03-26T06:10:57","Price":133.98000000,"Amount":100.00000000},{"Time":"2019-03-26T06:14:36","Situation":"flat","Id":"59426831","Type":"market","Side":"sell","OrderTime":"2019-03-26T06:10:58","Price":133.98000000,"Amount":113.58034000},{"Time":"2019-03-26T06:24:40","Situation":"flat","Id":"59427887","Type":"market","Side":"sell","OrderTime":"2019-03-26T06:24:05","Price":133.84000000,"Amount":62.70906000},{"Time":"2019-03-26T06:59:50","Situation":"flat","Id":"59430531","Type":"market","Side":"buy","OrderTime":"2019-03-26T06:56:09","Price":133.39000000,"Amount":56.12060000},{"Time":"2019-03-26T07:35:04","Situation":"flat","Id":"59432739","Type":"market","Side":"sell","OrderTime":"2019-03-26T07:33:00","Price":133.39000000,"Amount":102.72647000},{"Time":"2019-03-26T08:00:29","Situation":"flat","Id":"59434388","Type":"market","Side":"buy","OrderTime":"2019-03-26T08:00:25","Price":133.56000000,"Amount":74.80530000},{"Time":"2019-03-26T08:00:29","Situation":"flat","Id":"59434395","Type":"market","Side":"buy","OrderTime":"2019-03-26T08:00:26","Price":133.56000000,"Amount":263.25264000},{"Time":"2019-03-26T08:05:17","Situation":"flat","Id":"59434739","Type":"market","Side":"sell","OrderTime":"2019-03-26T08:05:07","Price":133.67000000,"Amount":165.42833000},{"Time":"2019-03-26T08:10:20","Situation":"flat","Id":"59434927","Type":"market","Side":"buy","OrderTime":"2019-03-26T08:09:09","Price":133.80000000,"Amount":57.88833000},{"Time":"2019-03-26T08:25:26","Situation":"flat","Id":"59435816","Type":"market","Side":"sell","OrderTime":"2019-03-26T08:23:07","Price":133.87000000,"Amount":264.92290000},{"Time":"2019-03-26T08:30:29","Situation":"flat","Id":"59436159","Type":"market","Side":"sell","OrderTime":"2019-03-26T08:29:15","Price":133.75000000,"Amount":55.35298000},{"Time":"2019-03-26T08:35:31","Situation":"flat","Id":"59436276","Type":"market","Side":"sell","OrderTime":"2019-03-26T08:31:21","Price":133.89000000,"Amount":82.57209000},{"Time":"2019-03-26T08:35:31","Situation":"flat","Id":"59436509","Type":"market","Side":"buy","OrderTime":"2019-03-26T08:33:59","Price":133.85000000,"Amount":61.67598000},{"Time":"2019-03-26T08:40:35","Situation":"flat","Id":"59436750","Type":"market","Side":"buy","OrderTime":"2019-03-26T08:37:35","Price":133.95000000,"Amount":50.42927000},{"Time":"2019-03-26T08:40:35","Situation":"flat","Id":"59436856","Type":"market","Side":"buy","OrderTime":"2019-03-26T08:39:10","Price":133.95000000,"Amount":64.00000000},{"Time":"2019-03-26T08:40:35","Situation":"flat","Id":"59436861","Type":"market","Side":"buy","OrderTime":"2019-03-26T08:39:10","Price":133.95000000,"Amount":77.52841000},{"Time":"2019-03-26T08:50:35","Situation":"flat","Id":"59437340","Type":"market","Side":"buy","OrderTime":"2019-03-26T08:49:01","Price":134.17000000,"Amount":71.02184000},{"Time":"2019-03-26T08:50:35","Situation":"flat","Id":"59437343","Type":"market","Side":"buy","OrderTime":"2019-03-26T08:49:01","Price":134.20000000,"Amount":59.46703000},{"Time":"2019-03-26T08:50:35","Situation":"flat","Id":"59437353","Type":"market","Side":"sell","OrderTime":"2019-03-26T08:49:01","Price":134.27000000,"Amount":83.23946000},{"Time":"2019-03-26T08:50:35","Situation":"flat","Id":"59437354","Type":"market","Side":"sell","OrderTime":"2019-03-26T08:49:01","Price":134.27000000,"Amount":196.05320000},{"Time":"2019-03-26T09:00:36","Situation":"flat","Id":"59437934","Type":"market","Side":"sell","OrderTime":"2019-03-26T08:59:50","Price":134.25000000,"Amount":91.30776000},{"Time":"2019-03-26T09:00:36","Situation":"flat","Id":"59437935","Type":"market","Side":"sell","OrderTime":"2019-03-26T08:59:50","Price":134.23000000,"Amount":63.37124000},{"Time":"2019-03-26T09:00:36","Situation":"flat","Id":"59437985","Type":"market","Side":"buy","OrderTime":"2019-03-26T09:00:08","Price":134.20000000,"Amount":59.61470000},{"Time":"2019-03-26T09:00:36","Situation":"flat","Id":"59437986","Type":"market","Side":"buy","OrderTime":"2019-03-26T09:00:08","Price":134.20000000,"Amount":119.22950000},{"Time":"2019-03-26T09:00:36","Situation":"flat","Id":"59438012","Type":"market","Side":"buy","OrderTime":"2019-03-26T09:00:23","Price":134.20000000,"Amount":119.24280000},{"Time":"2019-03-26T09:00:36","Situation":"flat","Id":"59438014","Type":"market","Side":"buy","OrderTime":"2019-03-26T09:00:23","Price":134.20000000,"Amount":59.62140000},{"Time":"2019-03-26T09:00:36","Situation":"flat","Id":"59438017","Type":"market","Side":"buy","OrderTime":"2019-03-26T09:00:25","Price":134.20000000,"Amount":67.24544000},{"Time":"2019-03-26T09:00:36","Situation":"flat","Id":"59438018","Type":"market","Side":"buy","OrderTime":"2019-03-26T09:00:25","Price":134.23000000,"Amount":232.75456000},{"Time":"2019-03-26T09:05:36","Situation":"flat","Id":"59438189","Type":"market","Side":"buy","OrderTime":"2019-03-26T09:03:24","Price":134.20000000,"Amount":119.23390000},{"Time":"2019-03-26T09:05:36","Situation":"flat","Id":"59438191","Type":"market","Side":"buy","OrderTime":"2019-03-26T09:03:24","Price":134.20000000,"Amount":59.61700000},{"Time":"2019-03-26T09:05:36","Situation":"flat","Id":"59438269","Type":"market","Side":"buy","OrderTime":"2019-03-26T09:04:11","Price":134.20000000,"Amount":59.62140000},{"Time":"2019-03-26T09:05:36","Situation":"flat","Id":"59438270","Type":"market","Side":"buy","OrderTime":"2019-03-26T09:04:11","Price":134.20000000,"Amount":119.24280000},{"Time":"2019-03-26T10:06:05","Situation":"flat","Id":"59441742","Type":"market","Side":"buy","OrderTime":"2019-03-26T10:02:14","Price":133.90000000,"Amount":55.83713000},{"Time":"2019-03-26T10:06:05","Situation":"flat","Id":"59441751","Type":"market","Side":"buy","OrderTime":"2019-03-26T10:02:18","Price":133.90000000,"Amount":101.89890000},{"Time":"2019-03-26T11:46:40","Situation":"flat","Id":"59447210","Type":"market","Side":"buy","OrderTime":"2019-03-26T11:43:52","Price":133.45000000,"Amount":57.17580000},{"Time":"2019-03-26T12:01:44","Situation":"flat","Id":"59448075","Type":"market","Side":"buy","OrderTime":"2019-03-26T11:58:13","Price":133.31000000,"Amount":90.90971000},{"Time":"2019-03-26T12:06:44","Situation":"flat","Id":"59448587","Type":"market","Side":"buy","OrderTime":"2019-03-26T12:06:02","Price":133.50000000,"Amount":143.31415000},{"Time":"2019-03-26T12:06:44","Situation":"flat","Id":"59448600","Type":"market","Side":"buy","OrderTime":"2019-03-26T12:06:07","Price":133.50000000,"Amount":176.33844000},{"Time":"2019-03-26T12:16:51","Situation":"flat","Id":"59449105","Type":"market","Side":"sell","OrderTime":"2019-03-26T12:13:30","Price":133.06000000,"Amount":152.05164000},{"Time":"2019-03-26T12:21:54","Situation":"flat","Id":"59449821","Type":"market","Side":"buy","OrderTime":"2019-03-26T12:21:07","Price":133.00000000,"Amount":54.72764000},{"Time":"2019-03-26T12:21:54","Situation":"flat","Id":"59449856","Type":"market","Side":"buy","OrderTime":"2019-03-26T12:21:09","Price":133.00000000,"Amount":59.67271000},{"Time":"2019-03-26T12:21:54","Situation":"flat","Id":"59449859","Type":"market","Side":"buy","OrderTime":"2019-03-26T12:21:11","Price":133.00000000,"Amount":84.15690000},{"Time":"2019-03-26T12:26:54","Situation":"flat","Id":"59450275","Type":"market","Side":"sell","OrderTime":"2019-03-26T12:26:29","Price":133.00000000,"Amount":59.25794000},{"Time":"2019-03-26T12:26:54","Situation":"flat","Id":"59450309","Type":"market","Side":"sell","OrderTime":"2019-03-26T12:26:31","Price":133.00000000,"Amount":89.73340000},{"Time":"2019-03-26T12:31:54","Situation":"flat","Id":"59450571","Type":"market","Side":"sell","OrderTime":"2019-03-26T12:29:48","Price":132.88000000,"Amount":52.96569000},{"Time":"2019-03-26T12:41:56","Situation":"flat","Id":"59451226","Type":"market","Side":"sell","OrderTime":"2019-03-26T12:39:07","Price":132.71000000,"Amount":89.67189000},{"Time":"2019-03-26T12:46:56","Situation":"flat","Id":"59451754","Type":"market","Side":"buy","OrderTime":"2019-03-26T12:44:32","Price":132.85000000,"Amount":76.94230000},{"Time":"2019-03-26T12:57:04","Situation":"flat","Id":"59452431","Type":"market","Side":"sell","OrderTime":"2019-03-26T12:53:11","Price":132.64000000,"Amount":56.15261000},{"Time":"2019-03-26T13:06:25","Situation":"trend","Id":"59453900","Type":"market","Side":"buy","OrderTime":"2019-03-26T13:06:24","Price":133.22000000,"Amount":56.60633000},{"Time":"2019-03-26T13:06:25","Situation":"trend","Id":"59453901","Type":"market","Side":"buy","OrderTime":"2019-03-26T13:06:24","Price":133.23000000,"Amount":56.10551000},{"Time":"2019-03-26T13:06:25","Situation":"trend","Id":"59453903","Type":"market","Side":"buy","OrderTime":"2019-03-26T13:06:24","Price":133.25000000,"Amount":59.96484000},{"Time":"2019-03-26T13:21:26","Situation":"flat","Id":"59454843","Type":"market","Side":"buy","OrderTime":"2019-03-26T13:20:36","Price":132.90000000,"Amount":58.15145000},{"Time":"2019-03-26T13:21:26","Situation":"flat","Id":"59454905","Type":"market","Side":"sell","OrderTime":"2019-03-26T13:21:18","Price":132.77000000,"Amount":60.69649000},{"Time":"2019-03-26T13:36:32","Situation":"flat","Id":"59455702","Type":"market","Side":"buy","OrderTime":"2019-03-26T13:33:03","Price":132.72000000,"Amount":70.29167000},{"Time":"2019-03-26T13:51:43","Situation":"flat","Id":"59457000","Type":"market","Side":"sell","OrderTime":"2019-03-26T13:47:52","Price":132.61000000,"Amount":68.37500000},{"Time":"2019-03-26T13:56:47","Situation":"flat","Id":"59457214","Type":"market","Side":"sell","OrderTime":"2019-03-26T13:51:47","Price":132.50000000,"Amount":74.00669000},{"Time":"2019-03-26T13:56:47","Situation":"flat","Id":"59457305","Type":"market","Side":"sell","OrderTime":"2019-03-26T13:52:49","Price":132.57000000,"Amount":99.00000000},{"Time":"2019-03-26T13:56:47","Situation":"flat","Id":"59457307","Type":"market","Side":"sell","OrderTime":"2019-03-26T13:52:49","Price":132.57000000,"Amount":62.17369000},{"Time":"2019-03-26T13:56:47","Situation":"flat","Id":"59457311","Type":"market","Side":"sell","OrderTime":"2019-03-26T13:52:49","Price":132.57000000,"Amount":54.34252000},{"Time":"2019-03-26T14:16:30","Situation":"flat","Id":"59458956","Type":"market","Side":"sell","OrderTime":"2019-03-26T14:13:49","Price":133.10000000,"Amount":81.79230000},{"Time":"2019-03-26T14:36:34","Situation":"flat","Id":"59460294","Type":"market","Side":"buy","OrderTime":"2019-03-26T14:32:24","Price":133.32000000,"Amount":65.36813000},{"Time":"2019-03-26T14:36:34","Situation":"flat","Id":"59460441","Type":"market","Side":"sell","OrderTime":"2019-03-26T14:34:33","Price":133.35000000,"Amount":54.70000000},{"Time":"2019-03-26T14:46:40","Situation":"flat","Id":"59460956","Type":"market","Side":"buy","OrderTime":"2019-03-26T14:41:52","Price":133.40000000,"Amount":80.96305000},{"Time":"2019-03-26T14:51:40","Situation":"flat","Id":"59461574","Type":"market","Side":"buy","OrderTime":"2019-03-26T14:50:52","Price":133.66000000,"Amount":70.12956000},{"Time":"2019-03-26T15:01:44","Situation":"flat","Id":"59462111","Type":"market","Side":"buy","OrderTime":"2019-03-26T15:00:58","Price":133.50000000,"Amount":55.69854000},{"Time":"2019-03-26T15:06:44","Situation":"flat","Id":"59462334","Type":"market","Side":"buy","OrderTime":"2019-03-26T15:05:00","Price":133.50000000,"Amount":271.48677000},{"Time":"2019-03-26T15:06:44","Situation":"flat","Id":"59462407","Type":"market","Side":"buy","OrderTime":"2019-03-26T15:06:41","Price":133.61000000,"Amount":95.34614000},{"Time":"2019-03-26T15:21:51","Situation":"flat","Id":"59463049","Type":"market","Side":"sell","OrderTime":"2019-03-26T15:17:37","Price":133.51000000,"Amount":77.87945000},{"Time":"2019-03-26T15:21:51","Situation":"flat","Id":"59463072","Type":"market","Side":"sell","OrderTime":"2019-03-26T15:17:43","Price":133.56000000,"Amount":52.67656000},{"Time":"2019-03-26T16:02:07","Situation":"flat","Id":"59465498","Type":"market","Side":"buy","OrderTime":"2019-03-26T15:58:34","Price":133.66000000,"Amount":53.03703000},{"Time":"2019-03-26T16:32:16","Situation":"flat","Id":"59467409","Type":"market","Side":"buy","OrderTime":"2019-03-26T16:28:52","Price":133.36000000,"Amount":60.00000000},{"Time":"2019-03-26T16:32:16","Situation":"flat","Id":"59467412","Type":"market","Side":"buy","OrderTime":"2019-03-26T16:28:52","Price":133.36000000,"Amount":240.82117000},{"Time":"2019-03-26T17:02:29","Situation":"flat","Id":"59468929","Type":"market","Side":"buy","OrderTime":"2019-03-26T16:58:32","Price":133.49000000,"Amount":70.69874000},{"Time":"2019-03-26T17:42:40","Situation":"flat","Id":"59470898","Type":"market","Side":"sell","OrderTime":"2019-03-26T17:42:18","Price":133.49000000,"Amount":127.04168000},{"Time":"2019-03-26T18:43:31","Situation":"flat","Id":"59473616","Type":"market","Side":"buy","OrderTime":"2019-03-26T18:43:20","Price":133.60000000,"Amount":78.33617000},{"Time":"2019-03-26T18:48:12","Situation":"flat","Id":"59473645","Type":"market","Side":"sell","OrderTime":"2019-03-26T18:43:56","Price":133.58000000,"Amount":107.61510000},{"Time":"2019-03-26T19:01:43","Situation":"trend","Id":"59474426","Type":"market","Side":"buy","OrderTime":"2019-03-26T19:00:10","Price":134.00000000,"Amount":63.81708000},{"Time":"2019-03-26T19:01:43","Situation":"trend","Id":"59474429","Type":"market","Side":"buy","OrderTime":"2019-03-26T19:00:10","Price":134.05000000,"Amount":62.09286000},{"Time":"2019-03-26T19:01:43","Situation":"trend","Id":"59474431","Type":"market","Side":"buy","OrderTime":"2019-03-26T19:00:10","Price":134.09000000,"Amount":62.09379000},{"Time":"2019-03-26T19:01:43","Situation":"trend","Id":"59474442","Type":"market","Side":"buy","OrderTime":"2019-03-26T19:00:11","Price":134.10000000,"Amount":95.10002000},{"Time":"2019-03-26T19:01:43","Situation":"trend","Id":"59474445","Type":"market","Side":"buy","OrderTime":"2019-03-26T19:00:11","Price":134.10000000,"Amount":51.03350000},{"Time":"2019-03-26T19:01:43","Situation":"trend","Id":"59474454","Type":"market","Side":"buy","OrderTime":"2019-03-26T19:00:11","Price":134.10000000,"Amount":217.97940000},{"Time":"2019-03-26T19:01:43","Situation":"trend","Id":"59474660","Type":"market","Side":"sell","OrderTime":"2019-03-26T19:00:18","Price":134.12000000,"Amount":50.09391000},{"Time":"2019-03-26T19:01:43","Situation":"trend","Id":"59474666","Type":"market","Side":"sell","OrderTime":"2019-03-26T19:00:18","Price":134.10000000,"Amount":157.94207000},{"Time":"2019-03-26T19:01:43","Situation":"trend","Id":"59474685","Type":"market","Side":"buy","OrderTime":"2019-03-26T19:00:18","Price":134.15000000,"Amount":90.15728000},{"Time":"2019-03-26T19:06:44","Situation":"flat","Id":"59475260","Type":"market","Side":"sell","OrderTime":"2019-03-26T19:05:21","Price":134.12000000,"Amount":50.00000000},{"Time":"2019-03-26T19:06:44","Situation":"flat","Id":"59475269","Type":"market","Side":"sell","OrderTime":"2019-03-26T19:05:21","Price":133.96000000,"Amount":61.00000000},{"Time":"2019-03-26T19:06:44","Situation":"flat","Id":"59475271","Type":"market","Side":"sell","OrderTime":"2019-03-26T19:05:21","Price":133.92000000,"Amount":57.63265000},{"Time":"2019-03-26T19:06:44","Situation":"flat","Id":"59475274","Type":"market","Side":"sell","OrderTime":"2019-03-26T19:05:21","Price":133.84000000,"Amount":54.49100000},{"Time":"2019-03-26T19:06:44","Situation":"flat","Id":"59475275","Type":"market","Side":"sell","OrderTime":"2019-03-26T19:05:21","Price":133.83000000,"Amount":50.00000000},{"Time":"2019-03-26T19:06:44","Situation":"flat","Id":"59475278","Type":"market","Side":"sell","OrderTime":"2019-03-26T19:05:21","Price":133.78000000,"Amount":106.15000000},{"Time":"2019-03-26T19:06:44","Situation":"flat","Id":"59475281","Type":"market","Side":"sell","OrderTime":"2019-03-26T19:05:21","Price":133.72000000,"Amount":50.00000000},{"Time":"2019-03-26T19:06:44","Situation":"flat","Id":"59475282","Type":"market","Side":"sell","OrderTime":"2019-03-26T19:05:21","Price":133.71000000,"Amount":220.00000000},{"Time":"2019-03-26T19:06:44","Situation":"flat","Id":"59475283","Type":"market","Side":"sell","OrderTime":"2019-03-26T19:05:21","Price":133.70000000,"Amount":69.78715000},{"Time":"2019-03-26T19:06:44","Situation":"flat","Id":"59475287","Type":"market","Side":"sell","OrderTime":"2019-03-26T19:05:21","Price":133.56000000,"Amount":50.00000000},{"Time":"2019-03-26T19:06:44","Situation":"flat","Id":"59475290","Type":"market","Side":"sell","OrderTime":"2019-03-26T19:05:21","Price":133.51000000,"Amount":54.13826000},{"Time":"2019-03-26T19:06:44","Situation":"flat","Id":"59475306","Type":"market","Side":"sell","OrderTime":"2019-03-26T19:05:21","Price":133.30000000,"Amount":58.38270000},{"Time":"2019-03-26T19:06:44","Situation":"flat","Id":"59475307","Type":"market","Side":"sell","OrderTime":"2019-03-26T19:05:21","Price":133.29000000,"Amount":50.26633000},{"Time":"2019-03-26T19:06:44","Situation":"flat","Id":"59475317","Type":"market","Side":"sell","OrderTime":"2019-03-26T19:05:21","Price":133.14000000,"Amount":50.13040000},{"Time":"2019-03-26T19:06:44","Situation":"flat","Id":"59475327","Type":"market","Side":"sell","OrderTime":"2019-03-26T19:05:21","Price":133.01000000,"Amount":54.01600000},{"Time":"2019-03-26T19:06:44","Situation":"flat","Id":"59475329","Type":"market","Side":"buy","OrderTime":"2019-03-26T19:05:21","Price":133.00000000,"Amount":1123.25476000},{"Time":"2019-03-26T19:06:44","Situation":"flat","Id":"59475360","Type":"market","Side":"sell","OrderTime":"2019-03-26T19:05:22","Price":134.10000000,"Amount":50.00000000},{"Time":"2019-03-26T19:06:44","Situation":"flat","Id":"59475480","Type":"market","Side":"sell","OrderTime":"2019-03-26T19:05:28","Price":133.71000000,"Amount":55.00000000},{"Time":"2019-03-26T19:06:44","Situation":"flat","Id":"59475510","Type":"market","Side":"buy","OrderTime":"2019-03-26T19:05:29","Price":133.90000000,"Amount":56.68968000},{"Time":"2019-03-26T19:06:44","Situation":"flat","Id":"59475513","Type":"market","Side":"buy","OrderTime":"2019-03-26T19:05:29","Price":133.94000000,"Amount":65.45253000},{"Time":"2019-03-26T19:11:45","Situation":"flat","Id":"59476120","Type":"market","Side":"sell","OrderTime":"2019-03-26T19:11:41","Price":133.88000000,"Amount":50.48631000},{"Time":"2019-03-26T19:11:45","Situation":"flat","Id":"59476122","Type":"market","Side":"sell","OrderTime":"2019-03-26T19:11:41","Price":133.87000000,"Amount":72.30545000},{"Time":"2019-03-26T19:31:46","Situation":"flat","Id":"59477004","Type":"market","Side":"buy","OrderTime":"2019-03-26T19:31:24","Price":133.69000000,"Amount":51.10644000},{"Time":"2019-03-26T19:41:49","Situation":"flat","Id":"59477331","Type":"market","Side":"buy","OrderTime":"2019-03-26T19:39:06","Price":133.71000000,"Amount":63.57347000},{"Time":"2019-03-26T19:41:49","Situation":"flat","Id":"59477465","Type":"market","Side":"sell","OrderTime":"2019-03-26T19:41:15","Price":133.71000000,"Amount":69.18074000},{"Time":"2019-03-26T20:22:00","Situation":"flat","Id":"59479227","Type":"market","Side":"buy","OrderTime":"2019-03-26T20:17:49","Price":134.10000000,"Amount":72.00000000},{"Time":"2019-03-26T20:27:00","Situation":"flat","Id":"59479539","Type":"market","Side":"sell","OrderTime":"2019-03-26T20:26:09","Price":133.96000000,"Amount":57.84140000}],"TradeDelta":[{"TimeFrom":"2019-03-26T00:02:04","TimeTo":"2019-03-26T00:07:07","Situation":"flat","Value":0.00000000},{"TimeFrom":"2019-03-26T00:02:19","TimeTo":"2019-03-26T00:07:22","Situation":"flat","Value":0.00000000},{"TimeFrom":"2019-03-26T00:07:07","TimeTo":"2019-03-26T00:12:07","Situation":"flat","Value":0.00000000},{"TimeFrom":"2019-03-26T00:07:22","TimeTo":"2019-03-26T00:12:22","Situation":"flat","Value":0.00000000},{"TimeFrom":"2019-03-26T00:12:07","TimeTo":"2019-03-26T00:17:09","Situation":"flat","Value":-484.28709000},{"TimeFrom":"2019-03-26T00:12:22","TimeTo":"2019-03-26T00:17:24","Situation":"flat","Value":-484.28709000},{"TimeFrom":"2019-03-26T00:17:09","TimeTo":"2019-03-26T00:22:10","Situation":"flat","Value":163.72521000},{"TimeFrom":"2019-03-26T00:17:24","TimeTo":"2019-03-26T00:22:25","Situation":"flat","Value":163.72521000},{"TimeFrom":"2019-03-26T00:22:10","TimeTo":"2019-03-26T00:27:12","Situation":"flat","Value":0.00000000},{"TimeFrom":"2019-03-26T00:22:25","TimeTo":"2019-03-26T00:27:27","Situation":"flat","Value":0.00000000},{"TimeFrom":"2019-03-26T00:27:12","TimeTo":"2019-03-26T00:32:16","Situation":"flat","Value":-931.53256000},{"TimeFrom":"2019-03-26T00:27:27","TimeTo":"2019-03-26T00:32:30","Situation":"flat","Value":-931.53256000},{"TimeFrom":"2019-03-26T00:32:16","TimeTo":"2019-03-26T00:37:20","Situation":"flat","Value":116.21814000},{"TimeFrom":"2019-03-26T00:32:30","TimeTo":"2019-03-26T00:37:30","Situation":"flat","Value":116.21814000},{"TimeFrom":"2019-03-26T00:37:20","TimeTo":"2019-03-26T00:42:20","Situation":"flat","Value":0.00000000},{"TimeFrom":"2019-03-26T00:37:30","TimeTo":"2019-03-26T00:42:31","Situation":"flat","Value":0.00000000},{"TimeFrom":"2019-03-26T00:42:20","TimeTo":"2019-03-26T00:47:21","Situation":"flat","Value":0.00000000},{"TimeFrom":"2019-03-26T00:42:31","TimeTo":"2019-03-26T00:47:31","Situation":"flat","Value":0.00000000},{"TimeFrom":"2019-03-26T00:47:21","TimeTo":"2019-03-26T00:52:21","Situation":"flat","Value":0.00000000},{"TimeFrom":"2019-03-26T00:47:31","TimeTo":"2019-03-26T00:52:31","Situation":"flat","Value":0.00000000},{"TimeFrom":"2019-03-26T00:52:21","TimeTo":"2019-03-26T00:57:25","Situation":"flat","Value":0.00000000},{"TimeFrom":"2019-03-26T00:52:31","TimeTo":"2019-03-26T00:57:35","Situation":"flat","Value":0.00000000},{"TimeFrom":"2019-03-26T00:57:25","TimeTo":"2019-03-26T01:02:25","Situation":"flat","Value":0.00000000},{"TimeFrom":"2019-03-26T00:57:35","TimeTo":"2019-03-26T01:02:36","Situation":"flat","Value":0.00000000},{"TimeFrom":"2019-03-26T01:02:25","TimeTo":"2019-03-26T01:07:29","Situation":"flat","Value":0.00000000},{"TimeFrom":"2019-03-26T01:02:36","TimeTo":"2019-03-26T01:07:40","Situation":"flat","Value":0.00000000},{"TimeFrom":"2019-03-26T01:07:29","TimeTo":"2019-03-26T01:12:31","Situation":"flat","Value":0.00000000},{"TimeFrom":"2019-03-26T01:07:40","TimeTo":"2019-03-26T01:12:40","Situation":"flat","Value":0.00000000},{"TimeFrom":"2019-03-26T01:12:31","TimeTo":"2019-03-26T01:17:32","Situation":"flat","Value":0.00000000},{"TimeFrom":"2019-03-26T01:12:40","TimeTo":"2019-03-26T01:17:42","Situation":"flat","Value":0.00000000},{"TimeFrom":"2019-03-26T01:17:32","TimeTo":"2019-03-26T01:22:35","Situation":"flat","Value":164.74348000},{"TimeFrom":"2019-03-26T01:17:42","TimeTo":"2019-03-26T01:22:45","Situation":"flat","Value":164.74348000},{"TimeFrom":"2019-03-26T01:22:35","TimeTo":"2019-03-26T01:27:36","Situation":"flat","Value":0.00000000},{"TimeFrom":"2019-03-26T01:22:45","TimeTo":"2019-03-26T01:27:46","Situation":"flat","Value":0.00000000},{"TimeFrom":"2019-03-26T01:27:36","TimeTo":"2019-03-26T01:32:36","Situation":"flat","Value":59.51270000},{"TimeFrom":"2019-03-26T01:27:46","TimeTo":"2019-03-26T01:32:50","Situation":"flat","Value":59.51270000},{"TimeFrom":"2019-03-26T01:32:36","TimeTo":"2019-03-26T01:37:36","Situation":"flat","Value":0.00000000},{"TimeFrom":"2019-03-26T01:32:50","TimeTo":"2019-03-26T01:37:51","Situation":"flat","Value":0.00000000},{"TimeFrom":"2019-03-26T01:37:36","TimeTo":"2019-03-26T01:42:39","Situation":"flat","Value":102.21000000},{"TimeFrom":"2019-03-26T01:37:51","TimeTo":"2019-03-26T01:42:54","Situation":"flat","Value":102.21000000},{"TimeFrom":"2019-03-26T01:42:39","TimeTo":"2019-03-26T01:47:39","Situation":"flat","Value":0.00000000},{"TimeFrom":"2019-03-26T01:42:54","TimeTo":"2019-03-26T01:47:54","Situation":"flat","Value":0.00000000},{"TimeFrom":"2019-03-26T01:47:39","TimeTo":"2019-03-26T01:52:41","Situation":"flat","Value":0.00000000},{"TimeFrom":"2019-03-26T01:47:54","TimeTo":"2019-03-26T01:52:56","Situation":"flat","Value":0.00000000},{"TimeFrom":"2019-03-26T01:52:41","TimeTo":"2019-03-26T01:57:44","Situation":"flat","Value":0.00000000},{"TimeFrom":"2019-03-26T01:52:56","TimeTo":"2019-03-26T01:57:59","Situation":"flat","Value":0.00000000},{"TimeFrom":"2019-03-26T01:57:44","TimeTo":"2019-03-26T02:02:47","Situation":"flat","Value":57.83522000},{"TimeFrom":"2019-03-26T01:57:59","TimeTo":"2019-03-26T02:03:05","Situation":"flat","Value":57.83522000},{"TimeFrom":"2019-03-26T02:02:47","TimeTo":"2019-03-26T02:07:50","Situation":"flat","Value":-70.91988000},{"TimeFrom":"2019-03-26T02:03:05","TimeTo":"2019-03-26T02:08:05","Situation":"flat","Value":-70.91988000},{"TimeFrom":"2019-03-26T02:07:50","TimeTo":"2019-03-26T02:12:54","Situation":"flat","Value":0.00000000},{"TimeFrom":"2019-03-26T02:08:05","TimeTo":"2019-03-26T02:13:06","Situation":"flat","Value":0.00000000},{"TimeFrom":"2019-03-26T02:12:54","TimeTo":"2019-03-26T02:17:57","Situation":"flat","Value":0.00000000},{"TimeFrom":"2019-03-26T02:13:06","TimeTo":"2019-03-26T02:18:09","Situation":"flat","Value":0.00000000},{"TimeFrom":"2019-03-26T02:17:57","TimeTo":"2019-03-26T02:22:59","Situation":"flat","Value":0.00000000},{"TimeFrom":"2019-03-26T02:18:09","TimeTo":"2019-03-26T02:23:11","Situation":"flat","Value":0.00000000},{"TimeFrom":"2019-03-26T02:22:59","TimeTo":"2019-03-26T02:27:59","Situation":"flat","Value":0.00000000},{"TimeFrom":"2019-03-26T02:23:11","TimeTo":"2019-03-26T02:28:11","Situation":"flat","Value":0.00000000},{"TimeFrom":"2019-03-26T02:27:59","TimeTo":"2019-03-26T02:33:00","Situation":"flat","Value":0.00000000},{"TimeFrom":"2019-03-26T02:28:11","TimeTo":"2019-03-26T02:33:12","Situation":"flat","Value":0.00000000},{"TimeFrom":"2019-03-26T02:33:00","TimeTo":"2019-03-26T02:38:05","Situation":"flat","Value":59.82945000},{"TimeFrom":"2019-03-26T02:33:12","TimeTo":"2019-03-26T02:38:15","Situation":"flat","Value":59.82945000},{"TimeFrom":"2019-03-26T02:38:05","TimeTo":"2019-03-26T02:43:06","Situation":"flat","Value":200.00000000},{"TimeFrom":"2019-03-26T02:38:15","TimeTo":"2019-03-26T02:43:16","Situation":"flat","Value":200.00000000},{"TimeFrom":"2019-03-26T02:43:06","TimeTo":"2019-03-26T02:48:10","Situation":"flat","Value":0.00000000},{"TimeFrom":"2019-03-26T02:43:16","TimeTo":"2019-03-26T02:48:20","Situation":"flat","Value":0.00000000},{"TimeFrom":"2019-03-26T02:48:10","TimeTo":"2019-03-26T02:53:12","Situation":"flat","Value":0.00000000},{"TimeFrom":"2019-03-26T02:48:20","TimeTo":"2019-03-26T02:53:22","Situation":"flat","Value":0.00000000},{"TimeFrom":"2019-03-26T02:53:12","TimeTo":"2019-03-26T02:58:16","Situation":"flat","Value":0.00000000},{"TimeFrom":"2019-03-26T02:53:22","TimeTo":"2019-03-26T02:58:22","Situation":"flat","Value":0.00000000},{"TimeFrom":"2019-03-26T02:58:16","TimeTo":"2019-03-26T03:03:20","Situation":"flat","Value":0.00000000},{"TimeFrom":"2019-03-26T02:58:22","TimeTo":"2019-03-26T03:03:26","Situation":"flat","Value":0.00000000},{"TimeFrom":"2019-03-26T03:03:20","TimeTo":"2019-03-26T03:08:22","Situation":"flat","Value":0.00000000},{"TimeFrom":"2019-03-26T03:03:26","TimeTo":"2019-03-26T03:08:28","Situation":"flat","Value":0.00000000},{"TimeFrom":"2019-03-26T03:08:22","TimeTo":"2019-03-26T03:13:24","Situation":"flat","Value":0.00000000},{"TimeFrom":"2019-03-26T03:08:28","TimeTo":"2019-03-26T03:13:29","Situation":"flat","Value":0.00000000},{"TimeFrom":"2019-03-26T03:13:24","TimeTo":"2019-03-26T03:18:25","Situation":"flat","Value":0.00000000},{"TimeFrom":"2019-03-26T03:13:29","TimeTo":"2019-03-26T03:18:30","Situation":"flat","Value":0.00000000},{"TimeFrom":"2019-03-26T03:18:25","TimeTo":"2019-03-26T03:23:25","Situation":"flat","Value":0.00000000},{"TimeFrom":"2019-03-26T03:18:30","TimeTo":"2019-03-26T03:23:30","Situation":"flat","Value":0.00000000},{"TimeFrom":"2019-03-26T03:23:25","TimeTo":"2019-03-26T03:28:29","Situation":"flat","Value":-69.51479000},{"TimeFrom":"2019-03-26T03:23:30","TimeTo":"2019-03-26T03:28:34","Situation":"flat","Value":-69.51479000},{"TimeFrom":"2019-03-26T03:28:29","TimeTo":"2019-03-26T03:33:29","Situation":"flat","Value":0.00000000},{"TimeFrom":"2019-03-26T03:28:34","TimeTo":"2019-03-26T03:33:34","Situation":"flat","Value":0.00000000},{"TimeFrom":"2019-03-26T03:33:29","TimeTo":"2019-03-26T03:38:30","Situation":"flat","Value":0.00000000},{"TimeFrom":"2019-03-26T03:33:34","TimeTo":"2019-03-26T03:38:35","Situation":"flat","Value":0.00000000},{"TimeFrom":"2019-03-26T03:38:30","TimeTo":"2019-03-26T03:43:34","Situation":"flat","Value":-52.86476000},{"TimeFrom":"2019-03-26T03:38:35","TimeTo":"2019-03-26T03:43:38","Situation":"flat","Value":-52.86476000},{"TimeFrom":"2019-03-26T03:43:34","TimeTo":"2019-03-26T03:48:35","Situation":"flat","Value":0.00000000},{"TimeFrom":"2019-03-26T03:43:38","TimeTo":"2019-03-26T03:48:40","Situation":"flat","Value":0.00000000},{"TimeFrom":"2019-03-26T03:48:35","TimeTo":"2019-03-26T03:53:39","Situation":"flat","Value":0.00000000},{"TimeFrom":"2019-03-26T03:48:40","TimeTo":"2019-03-26T03:53:44","Situation":"flat","Value":0.00000000},{"TimeFrom":"2019-03-26T03:53:39","TimeTo":"2019-03-26T03:58:42","Situation":"flat","Value":-1052.96625000},{"TimeFrom":"2019-03-26T03:53:44","TimeTo":"2019-03-26T03:58:47","Situation":"flat","Value":-1052.96625000},{"TimeFrom":"2019-03-26T03:58:42","TimeTo":"2019-03-26T04:03:45","Situation":"flat","Value":0.00000000},{"TimeFrom":"2019-03-26T03:58:47","TimeTo":"2019-03-26T04:03:50","Situation":"flat","Value":0.00000000},{"TimeFrom":"2019-03-26T04:03:45","TimeTo":"2019-03-26T04:08:47","Situation":"flat","Value":0.00000000},{"TimeFrom":"2019-03-26T04:03:50","TimeTo":"2019-03-26T04:08:52","Situation":"flat","Value":0.00000000},{"TimeFrom":"2019-03-26T04:08:47","TimeTo":"2019-03-26T04:13:49","Situation":"flat","Value":0.00000000},{"TimeFrom":"2019-03-26T04:08:52","TimeTo":"2019-03-26T04:13:55","Situation":"flat","Value":0.00000000},{"TimeFrom":"2019-03-26T04:13:49","TimeTo":"2019-03-26T04:18:49","Situation":"flat","Value":0.00000000},{"TimeFrom":"2019-03-26T04:13:55","TimeTo":"2019-03-26T04:18:59","Situation":"flat","Value":0.00000000},{"TimeFrom":"2019-03-26T04:18:49","TimeTo":"2019-03-26T04:23:51","Situation":"flat","Value":0.00000000},{"TimeFrom":"2019-03-26T04:18:59","TimeTo":"2019-03-26T04:24:04","Situation":"flat","Value":0.00000000},{"TimeFrom":"2019-03-26T04:23:51","TimeTo":"2019-03-26T04:28:55","Situation":"flat","Value":0.00000000},{"TimeFrom":"2019-03-26T04:24:04","TimeTo":"2019-03-26T04:29:06","Situation":"flat","Value":0.00000000},{"TimeFrom":"2019-03-26T04:28:55","TimeTo":"2019-03-26T04:33:56","Situation":"flat","Value":0.00000000},{"TimeFrom":"2019-03-26T04:29:06","TimeTo":"2019-03-26T04:34:09","Situation":"flat","Value":0.00000000},{"TimeFrom":"2019-03-26T04:33:56","TimeTo":"2019-03-26T04:39:00","Situation":"flat","Value":0.00000000},{"TimeFrom":"2019-03-26T04:34:09","TimeTo":"2019-03-26T04:39:12","Situation":"flat","Value":0.00000000},{"TimeFrom":"2019-03-26T04:39:00","TimeTo":"2019-03-26T04:44:04","Situation":"flat","Value":0.00000000},{"TimeFrom":"2019-03-26T04:39:12","TimeTo":"2019-03-26T04:44:14","Situation":"flat","Value":0.00000000},{"TimeFrom":"2019-03-26T04:44:04","TimeTo":"2019-03-26T04:49:06","Situation":"flat","Value":0.00000000},{"TimeFrom":"2019-03-26T04:44:14","TimeTo":"2019-03-26T04:49:16","Situation":"flat","Value":0.00000000},{"TimeFrom":"2019-03-26T04:49:06","TimeTo":"2019-03-26T04:54:06","Situation":"flat","Value":0.00000000},{"TimeFrom":"2019-03-26T04:49:16","TimeTo":"2019-03-26T04:54:16","Situation":"flat","Value":0.00000000},{"TimeFrom":"2019-03-26T04:54:06","TimeTo":"2019-03-26T04:59:10","Situation":"flat","Value":0.00000000},{"TimeFrom":"2019-03-26T04:54:16","TimeTo":"2019-03-26T04:59:19","Situation":"flat","Value":0.00000000},{"TimeFrom":"2019-03-26T04:59:10","TimeTo":"2019-03-26T05:04:14","Situation":"flat","Value":0.00000000},{"TimeFrom":"2019-03-26T04:59:19","TimeTo":"2019-03-26T05:04:20","Situation":"flat","Value":0.00000000},{"TimeFrom":"2019-03-26T05:04:14","TimeTo":"2019-03-26T05:09:16","Situation":"flat","Value":0.00000000},{"TimeFrom":"2019-03-26T05:04:20","TimeTo":"2019-03-26T05:09:21","Situation":"flat","Value":0.00000000},{"TimeFrom":"2019-03-26T05:09:16","TimeTo":"2019-03-26T05:14:19","Situation":"flat","Value":152.12125000},{"TimeFrom":"2019-03-26T05:09:21","TimeTo":"2019-03-26T05:14:25","Situation":"flat","Value":152.12125000},{"TimeFrom":"2019-03-26T05:14:19","TimeTo":"2019-03-26T05:19:19","Situation":"flat","Value":0.00000000},{"TimeFrom":"2019-03-26T05:14:25","TimeTo":"2019-03-26T05:19:29","Situation":"flat","Value":0.00000000},{"TimeFrom":"2019-03-26T05:19:19","TimeTo":"2019-03-26T05:24:20","Situation":"flat","Value":0.00000000},{"TimeFrom":"2019-03-26T05:19:29","TimeTo":"2019-03-26T05:24:31","Situation":"flat","Value":0.00000000},{"TimeFrom":"2019-03-26T05:24:20","TimeTo":"2019-03-26T05:29:21","Situation":"flat","Value":-54.70000000},{"TimeFrom":"2019-03-26T05:24:31","TimeTo":"2019-03-26T05:29:31","Situation":"flat","Value":-54.70000000},{"TimeFrom":"2019-03-26T05:29:21","TimeTo":"2019-03-26T05:34:24","Situation":"flat","Value":-234.74867000},{"TimeFrom":"2019-03-26T05:29:31","TimeTo":"2019-03-26T05:34:34","Situation":"flat","Value":-234.74867000},{"TimeFrom":"2019-03-26T05:34:24","TimeTo":"2019-03-26T05:39:24","Situation":"flat","Value":-238.79258000},{"TimeFrom":"2019-03-26T05:34:34","TimeTo":"2019-03-26T05:39:35","Situation":"flat","Value":-238.79258000},{"TimeFrom":"2019-03-26T05:39:24","TimeTo":"2019-03-26T05:44:26","Situation":"flat","Value":0.00000000},{"TimeFrom":"2019-03-26T05:39:35","TimeTo":"2019-03-26T05:44:36","Situation":"flat","Value":0.00000000},{"TimeFrom":"2019-03-26T05:44:26","TimeTo":"2019-03-26T05:49:27","Situation":"flat","Value":0.00000000},{"TimeFrom":"2019-03-26T05:44:36","TimeTo":"2019-03-26T05:49:37","Situation":"flat","Value":0.00000000},{"TimeFrom":"2019-03-26T05:49:27","TimeTo":"2019-03-26T05:54:31","Situation":"flat","Value":0.00000000},{"TimeFrom":"2019-03-26T05:49:37","TimeTo":"2019-03-26T05:54:41","Situation":"flat","Value":0.00000000},{"TimeFrom":"2019-03-26T05:54:31","TimeTo":"2019-03-26T05:59:34","Situation":"flat","Value":0.00000000},{"TimeFrom":"2019-03-26T05:54:41","TimeTo":"2019-03-26T05:59:44","Situation":"flat","Value":0.00000000},{"TimeFrom":"2019-03-26T05:59:34","TimeTo":"2019-03-26T06:04:34","Situation":"flat","Value":64.07924000},{"TimeFrom":"2019-03-26T05:59:44","TimeTo":"2019-03-26T06:04:44","Situation":"flat","Value":64.07924000},{"TimeFrom":"2019-03-26T06:04:34","TimeTo":"2019-03-26T06:09:36","Situation":"flat","Value":0.00000000},{"TimeFrom":"2019-03-26T06:04:44","TimeTo":"2019-03-26T06:09:45","Situation":"flat","Value":0.00000000},{"TimeFrom":"2019-03-26T06:09:36","TimeTo":"2019-03-26T06:14:36","Situation":"flat","Value":-213.58034000},{"TimeFrom":"2019-03-26T06:09:45","TimeTo":"2019-03-26T06:14:46","Situation":"flat","Value":-213.58034000},{"TimeFrom":"2019-03-26T06:14:36","TimeTo":"2019-03-26T06:19:37","Situation":"flat","Value":0.00000000},{"TimeFrom":"2019-03-26T06:14:46","TimeTo":"2019-03-26T06:19:47","Situation":"flat","Value":0.00000000},{"TimeFrom":"2019-03-26T06:19:37","TimeTo":"2019-03-26T06:24:40","Situation":"flat","Value":-62.70906000},{"TimeFrom":"2019-03-26T06:19:47","TimeTo":"2019-03-26T06:24:50","Situation":"flat","Value":-62.70906000},{"TimeFrom":"2019-03-26T06:24:40","TimeTo":"2019-03-26T06:29:40","Situation":"flat","Value":0.00000000},{"TimeFrom":"2019-03-26T06:24:50","TimeTo":"2019-03-26T06:29:50","Situation":"flat","Value":0.00000000},{"TimeFrom":"2019-03-26T06:29:40","TimeTo":"2019-03-26T06:34:41","Situation":"flat","Value":0.00000000},{"TimeFrom":"2019-03-26T06:29:50","TimeTo":"2019-03-26T06:34:51","Situation":"flat","Value":0.00000000},{"TimeFrom":"2019-03-26T06:34:41","TimeTo":"2019-03-26T06:39:44","Situation":"flat","Value":0.00000000},{"TimeFrom":"2019-03-26T06:34:51","TimeTo":"2019-03-26T06:39:54","Situation":"flat","Value":0.00000000},{"TimeFrom":"2019-03-26T06:39:44","TimeTo":"2019-03-26T06:44:45","Situation":"flat","Value":0.00000000},{"TimeFrom":"2019-03-26T06:39:54","TimeTo":"2019-03-26T06:44:55","Situation":"flat","Value":0.00000000},{"TimeFrom":"2019-03-26T06:44:45","TimeTo":"2019-03-26T06:49:46","Situation":"flat","Value":0.00000000},{"TimeFrom":"2019-03-26T06:44:55","TimeTo":"2019-03-26T06:49:56","Situation":"flat","Value":0.00000000},{"TimeFrom":"2019-03-26T06:49:46","TimeTo":"2019-03-26T06:54:50","Situation":"flat","Value":0.00000000},{"TimeFrom":"2019-03-26T06:49:56","TimeTo":"2019-03-26T06:54:56","Situation":"flat","Value":0.00000000},{"TimeFrom":"2019-03-26T06:54:50","TimeTo":"2019-03-26T06:59:50","Situation":"flat","Value":56.12060000},{"TimeFrom":"2019-03-26T06:54:56","TimeTo":"2019-03-26T07:00:00","Situation":"flat","Value":56.12060000},{"TimeFrom":"2019-03-26T06:59:50","TimeTo":"2019-03-26T07:04:51","Situation":"flat","Value":0.00000000},{"TimeFrom":"2019-03-26T07:00:00","TimeTo":"2019-03-26T07:05:01","Situation":"flat","Value":0.00000000},{"TimeFrom":"2019-03-26T07:04:51","TimeTo":"2019-03-26T07:09:53","Situation":"flat","Value":0.00000000},{"TimeFrom":"2019-03-26T07:05:01","TimeTo":"2019-03-26T07:10:06","Situation":"flat","Value":0.00000000},{"TimeFrom":"2019-03-26T07:09:53","TimeTo":"2019-03-26T07:14:55","Situation":"flat","Value":0.00000000},{"TimeFrom":"2019-03-26T07:10:06","TimeTo":"2019-03-26T07:15:07","Situation":"flat","Value":0.00000000},{"TimeFrom":"2019-03-26T07:14:55","TimeTo":"2019-03-26T07:19:55","Situation":"flat","Value":0.00000000},{"TimeFrom":"2019-03-26T07:15:07","TimeTo":"2019-03-26T07:20:11","Situation":"flat","Value":0.00000000},{"TimeFrom":"2019-03-26T07:19:55","TimeTo":"2019-03-26T07:24:56","Situation":"flat","Value":0.00000000},{"TimeFrom":"2019-03-26T07:20:11","TimeTo":"2019-03-26T07:25:15","Situation":"flat","Value":0.00000000},{"TimeFrom":"2019-03-26T07:24:56","TimeTo":"2019-03-26T07:30:00","Situation":"flat","Value":0.00000000},{"TimeFrom":"2019-03-26T07:25:15","TimeTo":"2019-03-26T07:30:19","Situation":"flat","Value":0.00000000},{"TimeFrom":"2019-03-26T07:30:00","TimeTo":"2019-03-26T07:35:04","Situation":"flat","Value":-102.72647000},{"TimeFrom":"2019-03-26T07:30:19","TimeTo":"2019-03-26T07:35:19","Situation":"flat","Value":-102.72647000},{"TimeFrom":"2019-03-26T07:35:04","TimeTo":"2019-03-26T07:40:04","Situation":"flat","Value":0.00000000},{"TimeFrom":"2019-03-26T07:35:19","TimeTo":"2019-03-26T07:40:19","Situation":"flat","Value":0.00000000},{"TimeFrom":"2019-03-26T07:40:04","TimeTo":"2019-03-26T07:45:06","Situation":"flat","Value":0.00000000},{"TimeFrom":"2019-03-26T07:40:19","TimeTo":"2019-03-26T07:45:22","Situation":"flat","Value":0.00000000},{"TimeFrom":"2019-03-26T07:45:06","TimeTo":"2019-03-26T07:50:10","Situation":"flat","Value":0.00000000},{"TimeFrom":"2019-03-26T07:45:22","TimeTo":"2019-03-26T07:50:25","Situation":"flat","Value":0.00000000},{"TimeFrom":"2019-03-26T07:50:10","TimeTo":"2019-03-26T07:55:11","Situation":"flat","Value":0.00000000},{"TimeFrom":"2019-03-26T07:50:25","TimeTo":"2019-03-26T07:55:26","Situation":"flat","Value":0.00000000},{"TimeFrom":"2019-03-26T07:55:11","TimeTo":"2019-03-26T08:00:14","Situation":"flat","Value":0.00000000},{"TimeFrom":"2019-03-26T07:55:26","TimeTo":"2019-03-26T08:00:29","Situation":"flat","Value":338.05794000},{"TimeFrom":"2019-03-26T08:00:14","TimeTo":"2019-03-26T08:05:17","Situation":"flat","Value":172.62961000},{"TimeFrom":"2019-03-26T08:00:29","TimeTo":"2019-03-26T08:05:32","Situation":"flat","Value":-165.42833000},{"TimeFrom":"2019-03-26T08:05:17","TimeTo":"2019-03-26T08:10:20","Situation":"flat","Value":57.88833000},{"TimeFrom":"2019-03-26T08:05:32","TimeTo":"2019-03-26T08:10:35","Situation":"flat","Value":57.88833000},{"TimeFrom":"2019-03-26T08:10:20","TimeTo":"2019-03-26T08:15:23","Situation":"flat","Value":0.00000000},{"TimeFrom":"2019-03-26T08:10:35","TimeTo":"2019-03-26T08:15:37","Situation":"flat","Value":0.00000000},{"TimeFrom":"2019-03-26T08:15:23","TimeTo":"2019-03-26T08:20:25","Situation":"flat","Value":0.00000000},{"TimeFrom":"2019-03-26T08:15:37","TimeTo":"2019-03-26T08:20:40","Situation":"flat","Value":0.00000000},{"TimeFrom":"2019-03-26T08:20:25","TimeTo":"2019-03-26T08:25:26","Situation":"flat","Value":-264.92290000},{"TimeFrom":"2019-03-26T08:20:40","TimeTo":"2019-03-26T08:25:41","Situation":"flat","Value":-264.92290000},{"TimeFrom":"2019-03-26T08:25:26","TimeTo":"2019-03-26T08:30:29","Situation":"flat","Value":-55.35298000},{"TimeFrom":"2019-03-26T08:25:41","TimeTo":"2019-03-26T08:30:44","Situation":"flat","Value":-55.35298000},{"TimeFrom":"2019-03-26T08:30:29","TimeTo":"2019-03-26T08:35:31","Situation":"flat","Value":-20.89611000},{"TimeFrom":"2019-03-26T08:30:44","TimeTo":"2019-03-26T08:35:46","Situation":"flat","Value":-20.89611000},{"TimeFrom":"2019-03-26T08:35:31","TimeTo":"2019-03-26T08:40:35","Situation":"flat","Value":191.95768000},{"TimeFrom":"2019-03-26T08:35:46","TimeTo":"2019-03-26T08:40:50","Situation":"flat","Value":191.95768000},{"TimeFrom":"2019-03-26T08:40:35","TimeTo":"2019-03-26T08:45:35","Situation":"flat","Value":0.00000000},{"TimeFrom":"2019-03-26T08:40:50","TimeTo":"2019-03-26T08:45:50","Situation":"flat","Value":0.00000000},{"TimeFrom":"2019-03-26T08:45:35","TimeTo":"2019-03-26T08:50:35","Situation":"flat","Value":-148.80379000},{"TimeFrom":"2019-03-26T08:45:50","TimeTo":"2019-03-26T08:50:50","Situation":"flat","Value":-148.80379000},{"TimeFrom":"2019-03-26T08:50:35","TimeTo":"2019-03-26T08:55:36","Situation":"flat","Value":0.00000000},{"TimeFrom":"2019-03-26T08:50:50","TimeTo":"2019-03-26T08:55:51","Situation":"flat","Value":0.00000000},{"TimeFrom":"2019-03-26T08:55:36","TimeTo":"2019-03-26T09:00:36","Situation":"flat","Value":503.02940000},{"TimeFrom":"2019-03-26T08:55:51","TimeTo":"2019-03-26T09:00:51","Situation":"flat","Value":503.02940000},{"TimeFrom":"2019-03-26T09:00:36","TimeTo":"2019-03-26T09:05:36","Situation":"flat","Value":357.71510000},{"TimeFrom":"2019-03-26T09:00:51","TimeTo":"2019-03-26T09:05:54","Situation":"flat","Value":357.71510000},{"TimeFrom":"2019-03-26T09:05:36","TimeTo":"2019-03-26T09:10:40","Situation":"flat","Value":0.00000000},{"TimeFrom":"2019-03-26T09:05:54","TimeTo":"2019-03-26T09:10:55","Situation":"flat","Value":0.00000000},{"TimeFrom":"2019-03-26T09:10:40","TimeTo":"2019-03-26T09:15:41","Situation":"flat","Value":0.00000000},{"TimeFrom":"2019-03-26T09:10:55","TimeTo":"2019-03-26T09:15:56","Situation":"flat","Value":0.00000000},{"TimeFrom":"2019-03-26T09:15:41","TimeTo":"2019-03-26T09:20:45","Situation":"flat","Value":0.00000000},{"TimeFrom":"2019-03-26T09:15:56","TimeTo":"2019-03-26T09:21:00","Situation":"flat","Value":0.00000000},{"TimeFrom":"2019-03-26T09:20:45","TimeTo":"2019-03-26T09:25:47","Situation":"flat","Value":0.00000000},{"TimeFrom":"2019-03-26T09:21:00","TimeTo":"2019-03-26T09:26:04","Situation":"flat","Value":0.00000000},{"TimeFrom":"2019-03-26T09:25:47","TimeTo":"2019-03-26T09:30:51","Situation":"flat","Value":0.00000000},{"TimeFrom":"2019-03-26T09:26:04","TimeTo":"2019-03-26T09:31:05","Situation":"flat","Value":0.00000000},{"TimeFrom":"2019-03-26T09:30:51","TimeTo":"2019-03-26T09:35:54","Situation":"flat","Value":0.00000000},{"TimeFrom":"2019-03-26T09:31:05","TimeTo":"2019-03-26T09:36:05","Situation":"flat","Value":0.00000000},{"TimeFrom":"2019-03-26T09:35:54","TimeTo":"2019-03-26T09:40:54","Situation":"flat","Value":0.00000000},{"TimeFrom":"2019-03-26T09:36:05","TimeTo":"2019-03-26T09:41:06","Situation":"flat","Value":0.00000000},{"TimeFrom":"2019-03-26T09:40:54","TimeTo":"2019-03-26T09:45:56","Situation":"flat","Value":0.00000000},{"TimeFrom":"2019-03-26T09:41:06","TimeTo":"2019-03-26T09:46:06","Situation":"flat","Value":0.00000000},{"TimeFrom":"2019-03-26T09:45:56","TimeTo":"2019-03-26T09:50:56","Situation":"flat","Value":0.00000000},{"TimeFrom":"2019-03-26T09:46:06","TimeTo":"2019-03-26T09:51:09","Situation":"flat","Value":0.00000000},{"TimeFrom":"2019-03-26T09:50:56","TimeTo":"2019-03-26T09:55:56","Situation":"flat","Value":0.00000000},{"TimeFrom":"2019-03-26T09:51:09","TimeTo":"2019-03-26T09:56:09","Situation":"flat","Value":0.00000000},{"TimeFrom":"2019-03-26T09:55:56","TimeTo":"2019-03-26T10:01:00","Situation":"flat","Value":0.00000000},{"TimeFrom":"2019-03-26T09:56:09","TimeTo":"2019-03-26T10:01:09","Situation":"flat","Value":0.00000000},{"TimeFrom":"2019-03-26T10:01:00","TimeTo":"2019-03-26T10:06:05","Situation":"flat","Value":157.73603000},{"TimeFrom":"2019-03-26T10:01:09","TimeTo":"2019-03-26T10:06:11","Situation":"flat","Value":157.73603000},{"TimeFrom":"2019-03-26T10:06:05","TimeTo":"2019-03-26T10:11:06","Situation":"flat","Value":0.00000000},{"TimeFrom":"2019-03-26T10:06:11","TimeTo":"2019-03-26T10:11:11","Situation":"flat","Value":0.00000000},{"TimeFrom":"2019-03-26T10:11:06","TimeTo":"2019-03-26T10:16:08","Situation":"flat","Value":0.00000000},{"TimeFrom":"2019-03-26T10:11:11","TimeTo":"2019-03-26T10:16:13","Situation":"flat","Value":0.00000000},{"TimeFrom":"2019-03-26T10:16:08","TimeTo":"2019-03-26T10:21:10","Situation":"flat","Value":0.00000000},{"TimeFrom":"2019-03-26T10:16:13","TimeTo":"2019-03-26T10:21:15","Situation":"flat","Value":0.00000000},{"TimeFrom":"2019-03-26T10:21:10","TimeTo":"2019-03-26T10:26:10","Situation":"flat","Value":0.00000000},{"TimeFrom":"2019-03-26T10:21:15","TimeTo":"2019-03-26T10:26:15","Situation":"flat","Value":0.00000000},{"TimeFrom":"2019-03-26T10:26:10","TimeTo":"2019-03-26T10:31:11","Situation":"flat","Value":0.00000000},{"TimeFrom":"2019-03-26T10:26:15","TimeTo":"2019-03-26T10:31:18","Situation":"flat","Value":0.00000000},{"TimeFrom":"2019-03-26T10:31:11","TimeTo":"2019-03-26T10:36:11","Situation":"flat","Value":0.00000000},{"TimeFrom":"2019-03-26T10:31:18","TimeTo":"2019-03-26T10:36:21","Situation":"flat","Value":0.00000000},{"TimeFrom":"2019-03-26T10:36:11","TimeTo":"2019-03-26T10:41:12","Situation":"flat","Value":0.00000000},{"TimeFrom":"2019-03-26T10:36:21","TimeTo":"2019-03-26T10:41:22","Situation":"flat","Value":0.00000000},{"TimeFrom":"2019-03-26T10:41:12","TimeTo":"2019-03-26T10:46:14","Situation":"flat","Value":0.00000000},{"TimeFrom":"2019-03-26T10:41:22","TimeTo":"2019-03-26T10:46:24","Situation":"flat","Value":0.00000000},{"TimeFrom":"2019-03-26T10:46:14","TimeTo":"2019-03-26T10:51:15","Situation":"flat","Value":0.00000000},{"TimeFrom":"2019-03-26T10:46:24","TimeTo":"2019-03-26T10:51:25","Situation":"flat","Value":0.00000000},{"TimeFrom":"2019-03-26T10:51:15","TimeTo":"2019-03-26T10:56:19","Situation":"flat","Value":0.00000000},{"TimeFrom":"2019-03-26T10:51:25","TimeTo":"2019-03-26T10:56:29","Situation":"flat","Value":0.00000000},{"TimeFrom":"2019-03-26T10:56:19","TimeTo":"2019-03-26T11:01:20","Situation":"flat","Value":0.00000000},{"TimeFrom":"2019-03-26T10:56:29","TimeTo":"2019-03-26T11:01:30","Situation":"flat","Value":0.00000000},{"TimeFrom":"2019-03-26T11:01:20","TimeTo":"2019-03-26T11:06:20","Situation":"flat","Value":0.00000000},{"TimeFrom":"2019-03-26T11:01:30","TimeTo":"2019-03-26T11:06:30","Situation":"flat","Value":0.00000000},{"TimeFrom":"2019-03-26T11:06:20","TimeTo":"2019-03-26T11:11:21","Situation":"flat","Value":0.00000000},{"TimeFrom":"2019-03-26T11:06:30","TimeTo":"2019-03-26T11:11:31","Situation":"flat","Value":0.00000000},{"TimeFrom":"2019-03-26T11:11:21","TimeTo":"2019-03-26T11:16:21","Situation":"flat","Value":0.00000000},{"TimeFrom":"2019-03-26T11:11:31","TimeTo":"2019-03-26T11:16:31","Situation":"flat","Value":0.00000000},{"TimeFrom":"2019-03-26T11:16:21","TimeTo":"2019-03-26T11:21:25","Situation":"flat","Value":0.00000000},{"TimeFrom":"2019-03-26T11:16:31","TimeTo":"2019-03-26T11:21:35","Situation":"flat","Value":0.00000000},{"TimeFrom":"2019-03-26T11:21:25","TimeTo":"2019-03-26T11:26:29","Situation":"flat","Value":0.00000000},{"TimeFrom":"2019-03-26T11:21:35","TimeTo":"2019-03-26T11:26:39","Situation":"flat","Value":0.00000000},{"TimeFrom":"2019-03-26T11:26:29","TimeTo":"2019-03-26T11:31:32","Situation":"flat","Value":0.00000000},{"TimeFrom":"2019-03-26T11:26:39","TimeTo":"2019-03-26T11:31:41","Situation":"flat","Value":0.00000000},{"TimeFrom":"2019-03-26T11:31:32","TimeTo":"2019-03-26T11:36:35","Situation":"flat","Value":0.00000000},{"TimeFrom":"2019-03-26T11:31:41","TimeTo":"2019-03-26T11:36:45","Situation":"flat","Value":0.00000000},{"TimeFrom":"2019-03-26T11:36:35","TimeTo":"2019-03-26T11:41:36","Situation":"flat","Value":0.00000000},{"TimeFrom":"2019-03-26T11:36:45","TimeTo":"2019-03-26T11:41:46","Situation":"flat","Value":0.00000000},{"TimeFrom":"2019-03-26T11:41:36","TimeTo":"2019-03-26T11:46:40","Situation":"flat","Value":57.17580000},{"TimeFrom":"2019-03-26T11:41:46","TimeTo":"2019-03-26T11:46:50","Situation":"flat","Value":57.17580000},{"TimeFrom":"2019-03-26T11:46:40","TimeTo":"2019-03-26T11:51:41","Situation":"flat","Value":0.00000000},{"TimeFrom":"2019-03-26T11:46:50","TimeTo":"2019-03-26T11:51:51","Situation":"flat","Value":0.00000000},{"TimeFrom":"2019-03-26T11:51:41","TimeTo":"2019-03-26T11:56:41","Situation":"flat","Value":0.00000000},{"TimeFrom":"2019-03-26T11:51:51","TimeTo":"2019-03-26T11:56:52","Situation":"flat","Value":0.00000000},{"TimeFrom":"2019-03-26T11:56:41","TimeTo":"2019-03-26T12:01:44","Situation":"flat","Value":90.90971000},{"TimeFrom":"2019-03-26T11:56:52","TimeTo":"2019-03-26T12:01:54","Situation":"flat","Value":90.90971000},{"TimeFrom":"2019-03-26T12:01:44","TimeTo":"2019-03-26T12:06:44","Situation":"flat","Value":319.65259000},{"TimeFrom":"2019-03-26T12:01:54","TimeTo":"2019-03-26T12:06:54","Situation":"flat","Value":319.65259000},{"TimeFrom":"2019-03-26T12:06:44","TimeTo":"2019-03-26T12:11:47","Situation":"flat","Value":0.00000000},{"TimeFrom":"2019-03-26T12:06:54","TimeTo":"2019-03-26T12:11:57","Situation":"flat","Value":0.00000000},{"TimeFrom":"2019-03-26T12:11:47","TimeTo":"2019-03-26T12:16:51","Situation":"flat","Value":-152.05164000},{"TimeFrom":"2019-03-26T12:11:57","TimeTo":"2019-03-26T12:17:04","Situation":"flat","Value":-152.05164000},{"TimeFrom":"2019-03-26T12:16:51","TimeTo":"2019-03-26T12:21:54","Situation":"flat","Value":198.55725000},{"TimeFrom":"2019-03-26T12:17:04","TimeTo":"2019-03-26T12:22:05","Situation":"flat","Value":198.55725000},{"TimeFrom":"2019-03-26T12:21:54","TimeTo":"2019-03-26T12:26:54","Situation":"flat","Value":-148.99134000},{"TimeFrom":"2019-03-26T12:22:05","TimeTo":"2019-03-26T12:27:07","Situation":"flat","Value":-148.99134000},{"TimeFrom":"2019-03-26T12:26:54","TimeTo":"2019-03-26T12:31:54","Situation":"flat","Value":-52.96569000},{"TimeFrom":"2019-03-26T12:27:07","TimeTo":"2019-03-26T12:32:11","Situation":"flat","Value":-52.96569000},{"TimeFrom":"2019-03-26T12:31:54","TimeTo":"2019-03-26T12:36:55","Situation":"flat","Value":0.00000000},{"TimeFrom":"2019-03-26T12:32:11","TimeTo":"2019-03-26T12:37:11","Situation":"flat","Value":0.00000000},{"TimeFrom":"2019-03-26T12:36:55","TimeTo":"2019-03-26T12:41:56","Situation":"flat","Value":-89.67189000},{"TimeFrom":"2019-03-26T12:37:11","TimeTo":"2019-03-26T12:42:14","Situation":"flat","Value":-89.67189000},{"TimeFrom":"2019-03-26T12:41:56","TimeTo":"2019-03-26T12:46:56","Situation":"flat","Value":76.94230000},{"TimeFrom":"2019-03-26T12:42:14","TimeTo":"2019-03-26T12:47:15","Situation":"flat","Value":76.94230000},{"TimeFrom":"2019-03-26T12:46:56","TimeTo":"2019-03-26T12:52:00","Situation":"flat","Value":0.00000000},{"TimeFrom":"2019-03-26T12:47:15","TimeTo":"2019-03-26T12:52:16","Situation":"flat","Value":0.00000000},{"TimeFrom":"2019-03-26T12:52:00","TimeTo":"2019-03-26T12:57:04","Situation":"flat","Value":-56.15261000},{"TimeFrom":"2019-03-26T12:52:16","TimeTo":"2019-03-26T12:57:19","Situation":"flat","Value":-56.15261000},{"TimeFrom":"2019-03-26T12:57:04","TimeTo":"2019-03-26T13:02:04","Situation":"flat","Value":0.00000000},{"TimeFrom":"2019-03-26T12:57:19","TimeTo":"2019-03-26T13:02:19","Situation":"flat","Value":0.00000000},{"TimeFrom":"2019-03-26T13:02:04","TimeTo":"2019-03-26T13:06:25","Situation":"trend","Value":172.67668000},{"TimeFrom":"2019-03-26T13:02:19","TimeTo":"2019-03-26T13:06:25","Situation":"trend","Value":172.67668000},{"TimeFrom":"2019-03-26T13:06:25","TimeTo":"2019-03-26T13:11:25","Situation":"flat","Value":0.00000000},{"TimeFrom":"2019-03-26T13:06:25","TimeTo":"2019-03-26T13:11:26","Situation":"flat","Value":0.00000000},{"TimeFrom":"2019-03-26T13:11:25","TimeTo":"2019-03-26T13:16:26","Situation":"flat","Value":0.00000000},{"TimeFrom":"2019-03-26T13:11:26","TimeTo":"2019-03-26T13:16:26","Situation":"flat","Value":0.00000000},{"TimeFrom":"2019-03-26T13:16:26","TimeTo":"2019-03-26T13:21:26","Situation":"flat","Value":-2.54504000},{"TimeFrom":"2019-03-26T13:16:26","TimeTo":"2019-03-26T13:21:27","Situation":"flat","Value":-2.54504000},{"TimeFrom":"2019-03-26T13:21:26","TimeTo":"2019-03-26T13:26:30","Situation":"flat","Value":0.00000000},{"TimeFrom":"2019-03-26T13:21:27","TimeTo":"2019-03-26T13:26:30","Situation":"flat","Value":0.00000000},{"TimeFrom":"2019-03-26T13:26:30","TimeTo":"2019-03-26T13:31:31","Situation":"flat","Value":0.00000000},{"TimeFrom":"2019-03-26T13:26:30","TimeTo":"2019-03-26T13:31:34","Situation":"flat","Value":0.00000000},{"TimeFrom":"2019-03-26T13:31:31","TimeTo":"2019-03-26T13:36:32","Situation":"flat","Value":70.29167000},{"TimeFrom":"2019-03-26T13:31:34","TimeTo":"2019-03-26T13:36:37","Situation":"flat","Value":70.29167000},{"TimeFrom":"2019-03-26T13:36:32","TimeTo":"2019-03-26T13:41:35","Situation":"flat","Value":0.00000000},{"TimeFrom":"2019-03-26T13:36:37","TimeTo":"2019-03-26T13:41:41","Situation":"flat","Value":0.00000000},{"TimeFrom":"2019-03-26T13:41:35","TimeTo":"2019-03-26T13:46:39","Situation":"flat","Value":0.00000000},{"TimeFrom":"2019-03-26T13:41:41","TimeTo":"2019-03-26T13:46:44","Situation":"flat","Value":0.00000000},{"TimeFrom":"2019-03-26T13:46:39","TimeTo":"2019-03-26T13:51:43","Situation":"flat","Value":-68.37500000},{"TimeFrom":"2019-03-26T13:46:44","TimeTo":"2019-03-26T13:51:44","Situation":"flat","Value":-68.37500000},{"TimeFrom":"2019-03-26T13:51:43","TimeTo":"2019-03-26T13:56:47","Situation":"flat","Value":-289.52290000},{"TimeFrom":"2019-03-26T13:51:44","TimeTo":"2019-03-26T13:56:47","Situation":"flat","Value":-289.52290000},{"TimeFrom":"2019-03-26T13:56:47","TimeTo":"2019-03-26T14:01:50","Situation":"flat","Value":0.00000000},{"TimeFrom":"2019-03-26T13:56:47","TimeTo":"2019-03-26T14:01:50","Situation":"flat","Value":0.00000000},{"TimeFrom":"2019-03-26T14:01:50","TimeTo":"2019-03-26T14:06:51","Situation":"flat","Value":0.00000000},{"TimeFrom":"2019-03-26T14:01:50","TimeTo":"2019-03-26T14:06:51","Situation":"flat","Value":0.00000000},{"TimeFrom":"2019-03-26T14:06:51","TimeTo":"2019-03-26T14:11:27","Situation":"trend","Value":0.00000000},{"TimeFrom":"2019-03-26T14:06:51","TimeTo":"2019-03-26T14:11:27","Situation":"trend","Value":0.00000000},{"TimeFrom":"2019-03-26T14:11:27","TimeTo":"2019-03-26T14:16:30","Situation":"flat","Value":-81.79230000},{"TimeFrom":"2019-03-26T14:11:27","TimeTo":"2019-03-26T14:16:30","Situation":"flat","Value":-81.79230000},{"TimeFrom":"2019-03-26T14:16:30","TimeTo":"2019-03-26T14:21:31","Situation":"flat","Value":0.00000000},{"TimeFrom":"2019-03-26T14:16:30","TimeTo":"2019-03-26T14:21:31","Situation":"flat","Value":0.00000000},{"TimeFrom":"2019-03-26T14:21:31","TimeTo":"2019-03-26T14:26:34","Situation":"flat","Value":0.00000000},{"TimeFrom":"2019-03-26T14:21:31","TimeTo":"2019-03-26T14:26:34","Situation":"flat","Value":0.00000000},{"TimeFrom":"2019-03-26T14:26:34","TimeTo":"2019-03-26T14:31:34","Situation":"flat","Value":0.00000000},{"TimeFrom":"2019-03-26T14:26:34","TimeTo":"2019-03-26T14:31:34","Situation":"flat","Value":0.00000000},{"TimeFrom":"2019-03-26T14:31:34","TimeTo":"2019-03-26T14:36:34","Situation":"flat","Value":10.66813000},{"TimeFrom":"2019-03-26T14:31:34","TimeTo":"2019-03-26T14:36:34","Situation":"flat","Value":10.66813000},{"TimeFrom":"2019-03-26T14:36:34","TimeTo":"2019-03-26T14:41:36","Situation":"flat","Value":0.00000000},{"TimeFrom":"2019-03-26T14:36:34","TimeTo":"2019-03-26T14:41:36","Situation":"flat","Value":0.00000000},{"TimeFrom":"2019-03-26T14:41:36","TimeTo":"2019-03-26T14:46:40","Situation":"flat","Value":80.96305000},{"TimeFrom":"2019-03-26T14:41:36","TimeTo":"2019-03-26T14:46:40","Situation":"flat","Value":80.96305000},{"TimeFrom":"2019-03-26T14:46:40","TimeTo":"2019-03-26T14:51:40","Situation":"flat","Value":70.12956000},{"TimeFrom":"2019-03-26T14:46:40","TimeTo":"2019-03-26T14:51:44","Situation":"flat","Value":70.12956000},{"TimeFrom":"2019-03-26T14:51:40","TimeTo":"2019-03-26T14:56:44","Situation":"flat","Value":0.00000000},{"TimeFrom":"2019-03-26T14:51:44","TimeTo":"2019-03-26T14:56:44","Situation":"flat","Value":0.00000000},{"TimeFrom":"2019-03-26T14:56:44","TimeTo":"2019-03-26T15:01:44","Situation":"flat","Value":55.69854000},{"TimeFrom":"2019-03-26T14:56:44","TimeTo":"2019-03-26T15:01:44","Situation":"flat","Value":55.69854000},{"TimeFrom":"2019-03-26T15:01:44","TimeTo":"2019-03-26T15:06:44","Situation":"flat","Value":366.83291000},{"TimeFrom":"2019-03-26T15:01:44","TimeTo":"2019-03-26T15:06:45","Situation":"flat","Value":366.83291000},{"TimeFrom":"2019-03-26T15:06:44","TimeTo":"2019-03-26T15:11:47","Situation":"flat","Value":0.00000000},{"TimeFrom":"2019-03-26T15:06:45","TimeTo":"2019-03-26T15:11:47","Situation":"flat","Value":0.00000000},{"TimeFrom":"2019-03-26T15:11:47","TimeTo":"2019-03-26T15:16:51","Situation":"flat","Value":0.00000000},{"TimeFrom":"2019-03-26T15:11:47","TimeTo":"2019-03-26T15:16:51","Situation":"flat","Value":0.00000000},{"TimeFrom":"2019-03-26T15:16:51","TimeTo":"2019-03-26T15:21:51","Situation":"flat","Value":-130.55601000},{"TimeFrom":"2019-03-26T15:16:51","TimeTo":"2019-03-26T15:21:51","Situation":"flat","Value":-130.55601000},{"TimeFrom":"2019-03-26T15:21:51","TimeTo":"2019-03-26T15:26:51","Situation":"flat","Value":0.00000000},{"TimeFrom":"2019-03-26T15:21:51","TimeTo":"2019-03-26T15:26:51","Situation":"flat","Value":0.00000000},{"TimeFrom":"2019-03-26T15:26:51","TimeTo":"2019-03-26T15:31:53","Situation":"flat","Value":0.00000000},{"TimeFrom":"2019-03-26T15:26:51","TimeTo":"2019-03-26T15:31:54","Situation":"flat","Value":0.00000000},{"TimeFrom":"2019-03-26T15:31:53","TimeTo":"2019-03-26T15:36:53","Situation":"flat","Value":0.00000000},{"TimeFrom":"2019-03-26T15:31:54","TimeTo":"2019-03-26T15:36:58","Situation":"flat","Value":0.00000000},{"TimeFrom":"2019-03-26T15:36:53","TimeTo":"2019-03-26T15:41:57","Situation":"flat","Value":0.00000000},{"TimeFrom":"2019-03-26T15:36:58","TimeTo":"2019-03-26T15:42:04","Situation":"flat","Value":0.00000000},{"TimeFrom":"2019-03-26T15:41:57","TimeTo":"2019-03-26T15:47:00","Situation":"flat","Value":0.00000000},{"TimeFrom":"2019-03-26T15:42:04","TimeTo":"2019-03-26T15:47:06","Situation":"flat","Value":0.00000000},{"TimeFrom":"2019-03-26T15:47:00","TimeTo":"2019-03-26T15:52:05","Situation":"flat","Value":0.00000000},{"TimeFrom":"2019-03-26T15:47:06","TimeTo":"2019-03-26T15:52:10","Situation":"flat","Value":0.00000000},{"TimeFrom":"2019-03-26T15:52:05","TimeTo":"2019-03-26T15:57:06","Situation":"flat","Value":0.00000000},{"TimeFrom":"2019-03-26T15:52:10","TimeTo":"2019-03-26T15:57:11","Situation":"flat","Value":0.00000000},{"TimeFrom":"2019-03-26T15:57:06","TimeTo":"2019-03-26T16:02:07","Situation":"flat","Value":53.03703000},{"TimeFrom":"2019-03-26T15:57:11","TimeTo":"2019-03-26T16:02:11","Situation":"flat","Value":53.03703000},{"TimeFrom":"2019-03-26T16:02:07","TimeTo":"2019-03-26T16:07:09","Situation":"flat","Value":0.00000000},{"TimeFrom":"2019-03-26T16:02:11","TimeTo":"2019-03-26T16:07:14","Situation":"flat","Value":0.00000000},{"TimeFrom":"2019-03-26T16:07:09","TimeTo":"2019-03-26T16:12:11","Situation":"flat","Value":0.00000000},{"TimeFrom":"2019-03-26T16:07:14","TimeTo":"2019-03-26T16:12:16","Situation":"flat","Value":0.00000000},{"TimeFrom":"2019-03-26T16:12:11","TimeTo":"2019-03-26T16:17:15","Situation":"flat","Value":0.00000000},{"TimeFrom":"2019-03-26T16:12:16","TimeTo":"2019-03-26T16:17:20","Situation":"flat","Value":0.00000000},{"TimeFrom":"2019-03-26T16:17:15","TimeTo":"2019-03-26T16:22:16","Situation":"flat","Value":0.00000000},{"TimeFrom":"2019-03-26T16:17:20","TimeTo":"2019-03-26T16:22:21","Situation":"flat","Value":0.00000000},{"TimeFrom":"2019-03-26T16:22:16","TimeTo":"2019-03-26T16:27:16","Situation":"flat","Value":0.00000000},{"TimeFrom":"2019-03-26T16:22:21","TimeTo":"2019-03-26T16:27:21","Situation":"flat","Value":0.00000000},{"TimeFrom":"2019-03-26T16:27:16","TimeTo":"2019-03-26T16:32:16","Situation":"flat","Value":300.82117000},{"TimeFrom":"2019-03-26T16:27:21","TimeTo":"2019-03-26T16:32:21","Situation":"flat","Value":300.82117000},{"TimeFrom":"2019-03-26T16:32:16","TimeTo":"2019-03-26T16:37:19","Situation":"flat","Value":0.00000000},{"TimeFrom":"2019-03-26T16:32:21","TimeTo":"2019-03-26T16:37:24","Situation":"flat","Value":0.00000000},{"TimeFrom":"2019-03-26T16:37:19","TimeTo":"2019-03-26T16:42:20","Situation":"flat","Value":0.00000000},{"TimeFrom":"2019-03-26T16:37:24","TimeTo":"2019-03-26T16:42:25","Situation":"flat","Value":0.00000000},{"TimeFrom":"2019-03-26T16:42:20","TimeTo":"2019-03-26T16:47:24","Situation":"flat","Value":0.00000000},{"TimeFrom":"2019-03-26T16:42:25","TimeTo":"2019-03-26T16:47:29","Situation":"flat","Value":0.00000000},{"TimeFrom":"2019-03-26T16:47:24","TimeTo":"2019-03-26T16:52:25","Situation":"flat","Value":0.00000000},{"TimeFrom":"2019-03-26T16:47:29","TimeTo":"2019-03-26T16:52:30","Situation":"flat","Value":0.00000000},{"TimeFrom":"2019-03-26T16:52:25","TimeTo":"2019-03-26T16:57:25","Situation":"flat","Value":0.00000000},{"TimeFrom":"2019-03-26T16:52:30","TimeTo":"2019-03-26T16:57:34","Situation":"flat","Value":0.00000000},{"TimeFrom":"2019-03-26T16:57:25","TimeTo":"2019-03-26T17:02:29","Situation":"flat","Value":70.69874000},{"TimeFrom":"2019-03-26T16:57:34","TimeTo":"2019-03-26T17:02:35","Situation":"flat","Value":70.69874000},{"TimeFrom":"2019-03-26T17:02:29","TimeTo":"2019-03-26T17:07:31","Situation":"flat","Value":0.00000000},{"TimeFrom":"2019-03-26T17:02:35","TimeTo":"2019-03-26T17:07:36","Situation":"flat","Value":0.00000000},{"TimeFrom":"2019-03-26T17:07:31","TimeTo":"2019-03-26T17:12:31","Situation":"flat","Value":0.00000000},{"TimeFrom":"2019-03-26T17:07:36","TimeTo":"2019-03-26T17:12:40","Situation":"flat","Value":0.00000000},{"TimeFrom":"2019-03-26T17:12:31","TimeTo":"2019-03-26T17:17:32","Situation":"flat","Value":0.00000000},{"TimeFrom":"2019-03-26T17:12:40","TimeTo":"2019-03-26T17:17:42","Situation":"flat","Value":0.00000000},{"TimeFrom":"2019-03-26T17:17:32","TimeTo":"2019-03-26T17:22:35","Situation":"flat","Value":0.00000000},{"TimeFrom":"2019-03-26T17:17:42","TimeTo":"2019-03-26T17:22:46","Situation":"flat","Value":0.00000000},{"TimeFrom":"2019-03-26T17:22:35","TimeTo":"2019-03-26T17:27:35","Situation":"flat","Value":0.00000000},{"TimeFrom":"2019-03-26T17:22:46","TimeTo":"2019-03-26T17:27:49","Situation":"flat","Value":0.00000000},{"TimeFrom":"2019-03-26T17:27:35","TimeTo":"2019-03-26T17:32:37","Situation":"flat","Value":0.00000000},{"TimeFrom":"2019-03-26T17:27:49","TimeTo":"2019-03-26T17:32:52","Situation":"flat","Value":0.00000000},{"TimeFrom":"2019-03-26T17:32:37","TimeTo":"2019-03-26T17:37:39","Situation":"flat","Value":0.00000000},{"TimeFrom":"2019-03-26T17:32:52","TimeTo":"2019-03-26T17:37:55","Situation":"flat","Value":0.00000000},{"TimeFrom":"2019-03-26T17:37:39","TimeTo":"2019-03-26T17:42:40","Situation":"flat","Value":-127.04168000},{"TimeFrom":"2019-03-26T17:37:55","TimeTo":"2019-03-26T17:42:59","Situation":"flat","Value":-127.04168000},{"TimeFrom":"2019-03-26T17:42:40","TimeTo":"2019-03-26T17:47:41","Situation":"flat","Value":0.00000000},{"TimeFrom":"2019-03-26T17:42:59","TimeTo":"2019-03-26T17:48:04","Situation":"flat","Value":0.00000000},{"TimeFrom":"2019-03-26T17:47:41","TimeTo":"2019-03-26T17:52:44","Situation":"flat","Value":0.00000000},{"TimeFrom":"2019-03-26T17:48:04","TimeTo":"2019-03-26T17:53:06","Situation":"flat","Value":0.00000000},{"TimeFrom":"2019-03-26T17:52:44","TimeTo":"2019-03-26T17:57:46","Situation":"flat","Value":0.00000000},{"TimeFrom":"2019-03-26T17:53:06","TimeTo":"2019-03-26T17:58:07","Situation":"flat","Value":0.00000000},{"TimeFrom":"2019-03-26T17:57:46","TimeTo":"2019-03-26T18:02:50","Situation":"flat","Value":0.00000000},{"TimeFrom":"2019-03-26T17:58:07","TimeTo":"2019-03-26T18:03:11","Situation":"flat","Value":0.00000000},{"TimeFrom":"2019-03-26T18:02:50","TimeTo":"2019-03-26T18:07:51","Situation":"flat","Value":0.00000000},{"TimeFrom":"2019-03-26T18:03:11","TimeTo":"2019-03-26T18:08:12","Situation":"flat","Value":0.00000000},{"TimeFrom":"2019-03-26T18:07:51","TimeTo":"2019-03-26T18:12:51","Situation":"flat","Value":0.00000000},{"TimeFrom":"2019-03-26T18:08:12","TimeTo":"2019-03-26T18:13:14","Situation":"flat","Value":0.00000000},{"TimeFrom":"2019-03-26T18:12:51","TimeTo":"2019-03-26T18:17:55","Situation":"flat","Value":0.00000000},{"TimeFrom":"2019-03-26T18:13:14","TimeTo":"2019-03-26T18:18:16","Situation":"flat","Value":0.00000000},{"TimeFrom":"2019-03-26T18:17:55","TimeTo":"2019-03-26T18:22:59","Situation":"flat","Value":0.00000000},{"TimeFrom":"2019-03-26T18:18:16","TimeTo":"2019-03-26T18:23:20","Situation":"flat","Value":0.00000000},{"TimeFrom":"2019-03-26T18:22:59","TimeTo":"2019-03-26T18:28:04","Situation":"flat","Value":0.00000000},{"TimeFrom":"2019-03-26T18:23:20","TimeTo":"2019-03-26T18:28:24","Situation":"flat","Value":0.00000000},{"TimeFrom":"2019-03-26T18:28:04","TimeTo":"2019-03-26T18:33:06","Situation":"flat","Value":0.00000000},{"TimeFrom":"2019-03-26T18:28:24","TimeTo":"2019-03-26T18:33:26","Situation":"flat","Value":0.00000000},{"TimeFrom":"2019-03-26T18:33:06","TimeTo":"2019-03-26T18:38:07","Situation":"flat","Value":0.00000000},{"TimeFrom":"2019-03-26T18:33:26","TimeTo":"2019-03-26T18:38:27","Situation":"flat","Value":0.00000000},{"TimeFrom":"2019-03-26T18:38:07","TimeTo":"2019-03-26T18:43:11","Situation":"flat","Value":0.00000000},{"TimeFrom":"2019-03-26T18:38:27","TimeTo":"2019-03-26T18:43:31","Situation":"flat","Value":78.33617000},{"TimeFrom":"2019-03-26T18:43:11","TimeTo":"2019-03-26T18:48:12","Situation":"flat","Value":-29.27893000},{"TimeFrom":"2019-03-26T18:43:31","TimeTo":"2019-03-26T18:48:32","Situation":"flat","Value":-107.61510000},{"TimeFrom":"2019-03-26T18:48:12","TimeTo":"2019-03-26T18:53:12","Situation":"flat","Value":0.00000000},{"TimeFrom":"2019-03-26T18:48:32","TimeTo":"2019-03-26T18:53:32","Situation":"flat","Value":0.00000000},{"TimeFrom":"2019-03-26T18:53:12","TimeTo":"2019-03-26T18:58:15","Situation":"flat","Value":0.00000000},{"TimeFrom":"2019-03-26T18:53:32","TimeTo":"2019-03-26T18:58:35","Situation":"flat","Value":0.00000000},{"TimeFrom":"2019-03-26T18:58:15","TimeTo":"2019-03-26T19:01:43","Situation":"trend","Value":434.23795000},{"TimeFrom":"2019-03-26T18:58:35","TimeTo":"2019-03-26T19:01:52","Situation":"trend","Value":434.23795000},{"TimeFrom":"2019-03-26T19:01:43","TimeTo":"2019-03-26T19:06:44","Situation":"flat","Value":104.40248000},{"TimeFrom":"2019-03-26T19:01:52","TimeTo":"2019-03-26T19:06:54","Situation":"flat","Value":104.40248000},{"TimeFrom":"2019-03-26T19:06:44","TimeTo":"2019-03-26T19:11:45","Situation":"flat","Value":-122.79176000},{"TimeFrom":"2019-03-26T19:06:54","TimeTo":"2019-03-26T19:11:55","Situation":"flat","Value":-122.79176000},{"TimeFrom":"2019-03-26T19:11:45","TimeTo":"2019-03-26T19:16:45","Situation":"flat","Value":0.00000000},{"TimeFrom":"2019-03-26T19:11:55","TimeTo":"2019-03-26T19:16:55","Situation":"flat","Value":0.00000000},{"TimeFrom":"2019-03-26T19:16:45","TimeTo":"2019-03-26T19:21:46","Situation":"flat","Value":0.00000000},{"TimeFrom":"2019-03-26T19:16:55","TimeTo":"2019-03-26T19:21:55","Situation":"flat","Value":0.00000000},{"TimeFrom":"2019-03-26T19:21:46","TimeTo":"2019-03-26T19:26:46","Situation":"flat","Value":0.00000000},{"TimeFrom":"2019-03-26T19:21:55","TimeTo":"2019-03-26T19:26:55","Situation":"flat","Value":0.00000000},{"TimeFrom":"2019-03-26T19:26:46","TimeTo":"2019-03-26T19:31:46","Situation":"flat","Value":51.10644000},{"TimeFrom":"2019-03-26T19:26:55","TimeTo":"2019-03-26T19:31:55","Situation":"flat","Value":51.10644000},{"TimeFrom":"2019-03-26T19:31:46","TimeTo":"2019-03-26T19:36:49","Situation":"flat","Value":0.00000000},{"TimeFrom":"2019-03-26T19:31:55","TimeTo":"2019-03-26T19:36:59","Situation":"flat","Value":0.00000000},{"TimeFrom":"2019-03-26T19:36:49","TimeTo":"2019-03-26T19:41:49","Situation":"flat","Value":-5.60727000},{"TimeFrom":"2019-03-26T19:36:59","TimeTo":"2019-03-26T19:41:59","Situation":"flat","Value":-5.60727000},{"TimeFrom":"2019-03-26T19:41:49","TimeTo":"2019-03-26T19:46:51","Situation":"flat","Value":0.00000000},{"TimeFrom":"2019-03-26T19:41:59","TimeTo":"2019-03-26T19:47:03","Situation":"flat","Value":0.00000000},{"TimeFrom":"2019-03-26T19:46:51","TimeTo":"2019-03-26T19:51:51","Situation":"flat","Value":0.00000000},{"TimeFrom":"2019-03-26T19:47:03","TimeTo":"2019-03-26T19:52:03","Situation":"flat","Value":0.00000000},{"TimeFrom":"2019-03-26T19:51:51","TimeTo":"2019-03-26T19:56:51","Situation":"flat","Value":0.00000000},{"TimeFrom":"2019-03-26T19:52:03","TimeTo":"2019-03-26T19:57:04","Situation":"flat","Value":0.00000000},{"TimeFrom":"2019-03-26T19:56:51","TimeTo":"2019-03-26T20:01:55","Situation":"flat","Value":0.00000000},{"TimeFrom":"2019-03-26T19:57:04","TimeTo":"2019-03-26T20:02:05","Situation":"flat","Value":0.00000000},{"TimeFrom":"2019-03-26T20:01:55","TimeTo":"2019-03-26T20:06:59","Situation":"flat","Value":0.00000000},{"TimeFrom":"2019-03-26T20:02:05","TimeTo":"2019-03-26T20:07:06","Situation":"flat","Value":0.00000000},{"TimeFrom":"2019-03-26T20:06:59","TimeTo":"2019-03-26T20:11:59","Situation":"flat","Value":0.00000000},{"TimeFrom":"2019-03-26T20:07:06","TimeTo":"2019-03-26T20:12:10","Situation":"flat","Value":0.00000000},{"TimeFrom":"2019-03-26T20:11:59","TimeTo":"2019-03-26T20:17:00","Situation":"flat","Value":0.00000000},{"TimeFrom":"2019-03-26T20:12:10","TimeTo":"2019-03-26T20:17:11","Situation":"flat","Value":0.00000000},{"TimeFrom":"2019-03-26T20:17:00","TimeTo":"2019-03-26T20:22:00","Situation":"flat","Value":72.00000000},{"TimeFrom":"2019-03-26T20:17:11","TimeTo":"2019-03-26T20:22:11","Situation":"flat","Value":72.00000000},{"TimeFrom":"2019-03-26T20:22:00","TimeTo":"2019-03-26T20:27:00","Situation":"flat","Value":-57.84140000},{"TimeFrom":"2019-03-26T20:22:11","TimeTo":"2019-03-26T20:27:15","Situation":"flat","Value":-57.84140000},{"TimeFrom":"2019-03-26T20:27:00","TimeTo":"2019-03-26T20:32:07","Situation":"flat","Value":0.00000000},{"TimeFrom":"2019-03-26T20:27:15","TimeTo":"2019-03-26T20:32:16","Situation":"flat","Value":0.00000000},{"TimeFrom":"2019-03-26T20:32:07","TimeTo":"2019-03-26T20:37:11","Situation":"flat","Value":0.00000000},{"TimeFrom":"2019-03-26T20:32:16","TimeTo":"2019-03-26T20:37:20","Situation":"flat","Value":0.00000000},{"TimeFrom":"2019-03-26T20:37:11","TimeTo":"2019-03-26T20:42:11","Situation":"flat","Value":0.00000000},{"TimeFrom":"2019-03-26T20:37:20","TimeTo":"2019-03-26T20:42:21","Situation":"flat","Value":0.00000000},{"TimeFrom":"2019-03-26T20:42:11","TimeTo":"2019-03-26T20:47:13","Situation":"flat","Value":0.00000000},{"TimeFrom":"2019-03-26T20:42:21","TimeTo":"2019-03-26T20:47:23","Situation":"flat","Value":0.00000000},{"TimeFrom":"2019-03-26T20:47:13","TimeTo":"2019-03-26T20:52:16","Situation":"flat","Value":0.00000000},{"TimeFrom":"2019-03-26T20:47:23","TimeTo":"2019-03-26T20:52:26","Situation":"flat","Value":0.00000000},{"TimeFrom":"2019-03-26T20:52:16","TimeTo":"2019-03-26T20:57:20","Situation":"flat","Value":0.00000000},{"TimeFrom":"2019-03-26T20:52:26","TimeTo":"2019-03-26T20:57:30","Situation":"flat","Value":0.00000000}]}
