{"OrderBookAsks":[{"Time":"2019-03-26T00:00:39","Situation":"flat","Type":"ask","Price":3.70000000,"Amount":36995.88000000,"Done":false},{"Time":"2019-03-26T00:00:39","Situation":"flat","Type":"ask","Price":3.70000000,"Amount":36995.88000000,"Done":false},{"Time":"2019-03-26T00:05:40","Situation":"flat","Type":"ask","Price":3.70000000,"Amount":36995.88000000,"Done":false},{"Time":"2019-03-26T00:05:40","Situation":"flat","Type":"ask","Price":3.70000000,"Amount":36995.88000000,"Done":false},{"Time":"2019-03-26T00:10:44","Situation":"flat","Type":"ask","Price":3.70000000,"Amount":36989.88000000,"Done":false},{"Time":"2019-03-26T00:10:44","Situation":"flat","Type":"ask","Price":3.70000000,"Amount":36989.88000000,"Done":false},{"Time":"2019-03-26T00:15:44","Situation":"flat","Type":"ask","Price":3.70000000,"Amount":36989.88000000,"Done":false},{"Time":"2019-03-26T00:15:45","Situation":"flat","Type":"ask","Price":3.70000000,"Amount":36989.88000000,"Done":false},{"Time":"2019-03-26T00:20:46","Situation":"flat","Type":"ask","Price":3.70000000,"Amount":37089.88000000,"Done":false},{"Time":"2019-03-26T00:20:46","Situation":"flat","Type":"ask","Price":3.70000000,"Amount":37089.88000000,"Done":false},{"Time":"2019-03-26T00:25:46","Situation":"flat","Type":"ask","Price":3.70000000,"Amount":36989.88000000,"Done":false},{"Time":"2019-03-26T00:25:49","Situation":"flat","Type":"ask","Price":3.70000000,"Amount":36989.88000000,"Done":false},{"Time":"2019-03-26T00:30:46","Situation":"flat","Type":"ask","Price":3.70000000,"Amount":37089.88000000,"Done":false},{"Time":"2019-03-26T00:30:50","Situation":"flat","Type":"ask","Price":3.70000000,"Amount":37089.88000000,"Done":false},{"Time":"2019-03-26T00:35:49","Situation":"flat","Type":"ask","Price":3.70000000,"Amount":37089.88000000,"Done":false},{"Time":"2019-03-26T00:35:54","Situation":"flat","Type":"ask","Price":3.70000000,"Amount":37089.88000000,"Done":false},{"Time":"2019-03-26T00:40:50","Situation":"flat","Type":"ask","Price":3.70000000,"Amount":36989.88000000,"Done":false},{"Time":"2019-03-26T00:40:55","Situation":"flat","Type":"ask","Price":3.70000000,"Amount":37089.88000000,"Done":false},{"Time":"2019-03-26T00:45:51","Situation":"flat","Type":"ask","Price":3.70000000,"Amount":37089.88000000,"Done":false},{"Time":"2019-03-26T00:45:56","Situation":"flat","Type":"ask","Price":3.70000000,"Amount":37089.88000000,"Done":false},{"Time":"2019-03-26T00:50:51","Situation":"flat","Type":"ask","Price":3.70000000,"Amount":36989.88000000,"Done":false},{"Time":"2019-03-26T00:50:56","Situation":"flat","Type":"ask","Price":3.70000000,"Amount":36989.88000000,"Done":false},{"Time":"2019-03-26T00:55:52","Situation":"flat","Type":"ask","Price":3.70000000,"Amount":36616.05000000,"Done":false},{"Time":"2019-03-26T00:55:57","Situation":"flat","Type":"ask","Price":3.70000000,"Amount":36616.05000000,"Done":false},{"Time":"2019-03-26T01:00:55","Situation":"flat","Type":"ask","Price":3.70000000,"Amount":36616.05000000,"Done":false},{"Time":"2019-03-26T01:01:05","Situation":"flat","Type":"ask","Price":3.70000000,"Amount":36616.05000000,"Done":false},{"Time":"2019-03-26T01:05:59","Situation":"flat","Type":"ask","Price":3.70000000,"Amount":36616.05000000,"Done":false},{"Time":"2019-03-26T01:06:05","Situation":"flat","Type":"ask","Price":3.70000000,"Amount":36616.05000000,"Done":false},{"Time":"2019-03-26T01:11:00","Situation":"flat","Type":"ask","Price":3.70000000,"Amount":36616.05000000,"Done":false},{"Time":"2019-03-26T01:11:06","Situation":"flat","Type":"ask","Price":3.70000000,"Amount":36616.05000000,"Done":false},{"Time":"2019-03-26T01:16:00","Situation":"flat","Type":"ask","Price":3.70000000,"Amount":36616.05000000,"Done":false},{"Time":"2019-03-26T01:16:10","Situation":"flat","Type":"ask","Price":3.70000000,"Amount":36616.05000000,"Done":false},{"Time":"2019-03-26T01:21:05","Situation":"flat","Type":"ask","Price":3.70000000,"Amount":36616.05000000,"Done":false},{"Time":"2019-03-26T01:21:10","Situation":"flat","Type":"ask","Price":3.70000000,"Amount":36616.05000000,"Done":false},{"Time":"2019-03-26T01:26:05","Situation":"flat","Type":"ask","Price":3.70000000,"Amount":36616.05000000,"Done":false},{"Time":"2019-03-26T01:26:10","Situation":"flat","Type":"ask","Price":3.70000000,"Amount":36616.05000000,"Done":false},{"Time":"2019-03-26T01:31:09","Situation":"flat","Type":"ask","Price":3.70000000,"Amount":36646.94000000,"Done":false},{"Time":"2019-03-26T01:31:10","Situation":"flat","Type":"ask","Price":3.70000000,"Amount":36646.94000000,"Done":false},{"Time":"2019-03-26T01:36:09","Situation":"flat","Type":"ask","Price":3.70000000,"Amount":35568.20000000,"Done":false},{"Time":"2019-03-26T01:36:10","Situation":"flat","Type":"ask","Price":3.70000000,"Amount":35568.20000000,"Done":false},{"Time":"2019-03-26T01:41:11","Situation":"flat","Type":"ask","Price":3.70000000,"Amount":35568.20000000,"Done":false},{"Time":"2019-03-26T01:41:11","Situation":"flat","Type":"ask","Price":3.70000000,"Amount":35568.20000000,"Done":false},{"Time":"2019-03-26T01:46:11","Situation":"flat","Type":"ask","Price":3.70000000,"Amount":35568.20000000,"Done":false},{"Time":"2019-03-26T01:46:11","Situation":"flat","Type":"ask","Price":3.70000000,"Amount":35568.20000000,"Done":false},{"Time":"2019-03-26T01:51:15","Situation":"flat","Type":"ask","Price":3.70000000,"Amount":35568.20000000,"Done":false},{"Time":"2019-03-26T01:51:15","Situation":"flat","Type":"ask","Price":3.70000000,"Amount":35568.20000000,"Done":false},{"Time":"2019-03-26T01:56:16","Situation":"flat","Type":"ask","Price":3.70000000,"Amount":35568.20000000,"Done":false},{"Time":"2019-03-26T01:56:16","Situation":"flat","Type":"ask","Price":3.70000000,"Amount":35568.20000000,"Done":false},{"Time":"2019-03-26T02:01:20","Situation":"flat","Type":"ask","Price":3.70000000,"Amount":35568.20000000,"Done":false},{"Time":"2019-03-26T02:01:20","Situation":"flat","Type":"ask","Price":3.70000000,"Amount":35568.20000000,"Done":false},{"Time":"2019-03-26T02:06:21","Situation":"flat","Type":"ask","Price":3.70000000,"Amount":35568.20000000,"Done":false},{"Time":"2019-03-26T02:06:21","Situation":"flat","Type":"ask","Price":3.70000000,"Amount":35568.20000000,"Done":false},{"Time":"2019-03-26T02:16:24","Situation":"flat","Type":"ask","Price":3.70000000,"Amount":35769.34000000,"Done":false},{"Time":"2019-03-26T02:16:29","Situation":"flat","Type":"ask","Price":3.70000000,"Amount":35769.34000000,"Done":false},{"Time":"2019-03-26T02:21:26","Situation":"flat","Type":"ask","Price":3.70000000,"Amount":35769.34000000,"Done":false},{"Time":"2019-03-26T02:21:31","Situation":"flat","Type":"ask","Price":3.70000000,"Amount":35769.34000000,"Done":false},{"Time":"2019-03-26T02:26:26","Situation":"flat","Type":"ask","Price":3.70000000,"Amount":35769.34000000,"Done":false},{"Time":"2019-03-26T02:26:31","Situation":"flat","Type":"ask","Price":3.70000000,"Amount":35769.34000000,"Done":false},{"Time":"2019-03-26T02:31:28","Situation":"flat","Type":"ask","Price":3.70000000,"Amount":35769.34000000,"Done":false},{"Time":"2019-03-26T02:31:32","Situation":"flat","Type":"ask","Price":3.70000000,"Amount":35769.34000000,"Done":false},{"Time":"2019-03-26T02:36:30","Situation":"flat","Type":"ask","Price":3.70000000,"Amount":35769.34000000,"Done":false},{"Time":"2019-03-26T02:36:34","Situation":"flat","Type":"ask","Price":3.70000000,"Amount":35769.34000000,"Done":false},{"Time":"2019-03-26T02:41:31","Situation":"flat","Type":"ask","Price":3.70000000,"Amount":35769.34000000,"Done":false},{"Time":"2019-03-26T02:41:35","Situation":"flat","Type":"ask","Price":3.70000000,"Amount":35769.34000000,"Done":false},{"Time":"2019-03-26T02:46:34","Situation":"flat","Type":"ask","Price":3.70000000,"Amount":35769.34000000,"Done":false},{"Time":"2019-03-26T02:46:39","Situation":"flat","Type":"ask","Price":3.70000000,"Amount":35769.34000000,"Done":false},{"Time":"2019-03-26T02:51:35","Situation":"flat","Type":"ask","Price":3.70000000,"Amount":35769.34000000,"Done":false},{"Time":"2019-03-26T02:51:40","Situation":"flat","Type":"ask","Price":3.70000000,"Amount":35769.34000000,"Done":false},{"Time":"2019-03-26T02:56:39","Situation":"flat","Type":"ask","Price":3.70000000,"Amount":35769.34000000,"Done":false},{"Time":"2019-03-26T02:56:44","Situation":"flat","Type":"ask","Price":3.70000000,"Amount":35769.34000000,"Done":false},{"Time":"2019-03-26T03:01:39","Situation":"flat","Type":"ask","Price":3.70000000,"Amount":35568.20000000,"Done":false},{"Time":"2019-03-26T03:01:44","Situation":"flat","Type":"ask","Price":3.70000000,"Amount":35568.20000000,"Done":false},{"Time":"2019-03-26T03:06:40","Situation":"flat","Type":"ask","Price":3.70000000,"Amount":35568.20000000,"Done":false},{"Time":"2019-03-26T03:06:44","Situation":"flat","Type":"ask","Price":3.70000000,"Amount":35568.20000000,"Done":false},{"Time":"2019-03-26T03:11:44","Situation":"flat","Type":"ask","Price":3.70000000,"Amount":35568.20000000,"Done":false}],"OrderBookBids":[{"Time":"2019-03-26T00:00:39","Situation":"flat","Type":"bid","Price":3.60000000,"Amount":32428.40000000,"Done":false},{"Time":"2019-03-26T00:00:39","Situation":"flat","Type":"bid","Price":3.60000000,"Amount":32428.40000000,"Done":false},{"Time":"2019-03-26T00:05:40","Situation":"flat","Type":"bid","Price":3.60000000,"Amount":32428.40000000,"Done":false},{"Time":"2019-03-26T00:05:40","Situation":"flat","Type":"bid","Price":3.60000000,"Amount":32428.40000000,"Done":false},{"Time":"2019-03-26T00:10:44","Situation":"flat","Type":"bid","Price":3.60000000,"Amount":32428.40000000,"Done":false},{"Time":"2019-03-26T00:10:44","Situation":"flat","Type":"bid","Price":3.60000000,"Amount":32428.40000000,"Done":false},{"Time":"2019-03-26T00:15:44","Situation":"flat","Type":"bid","Price":3.60000000,"Amount":32428.40000000,"Done":false},{"Time":"2019-03-26T00:15:45","Situation":"flat","Type":"bid","Price":3.60000000,"Amount":32428.40000000,"Done":false},{"Time":"2019-03-26T00:30:46","Situation":"flat","Type":"bid","Price":3.60000000,"Amount":32628.40000000,"Done":false},{"Time":"2019-03-26T00:30:50","Situation":"flat","Type":"bid","Price":3.60000000,"Amount":32628.40000000,"Done":false},{"Time":"2019-03-26T00:35:49","Situation":"flat","Type":"bid","Price":3.60000000,"Amount":32628.40000000,"Done":false},{"Time":"2019-03-26T00:35:54","Situation":"flat","Type":"bid","Price":3.60000000,"Amount":32628.40000000,"Done":false},{"Time":"2019-03-26T00:40:50","Situation":"flat","Type":"bid","Price":3.60000000,"Amount":32628.40000000,"Done":false},{"Time":"2019-03-26T00:40:55","Situation":"flat","Type":"bid","Price":3.60000000,"Amount":32628.40000000,"Done":false},{"Time":"2019-03-26T00:45:51","Situation":"flat","Type":"bid","Price":3.60000000,"Amount":33128.40000000,"Done":false},{"Time":"2019-03-26T00:45:56","Situation":"flat","Type":"bid","Price":3.60000000,"Amount":33128.40000000,"Done":false},{"Time":"2019-03-26T00:50:51","Situation":"flat","Type":"bid","Price":3.60000000,"Amount":33128.40000000,"Done":false},{"Time":"2019-03-26T00:55:52","Situation":"flat","Type":"bid","Price":3.60000000,"Amount":33128.40000000,"Done":false},{"Time":"2019-03-26T00:55:57","Situation":"flat","Type":"bid","Price":3.60000000,"Amount":33128.40000000,"Done":false},{"Time":"2019-03-26T01:00:55","Situation":"flat","Type":"bid","Price":3.60000000,"Amount":33128.40000000,"Done":false},{"Time":"2019-03-26T01:05:59","Situation":"flat","Type":"bid","Price":3.60000000,"Amount":33128.40000000,"Done":false},{"Time":"2019-03-26T01:06:05","Situation":"flat","Type":"bid","Price":3.60000000,"Amount":33128.40000000,"Done":false},{"Time":"2019-03-26T01:11:00","Situation":"flat","Type":"bid","Price":3.60000000,"Amount":33452.66000000,"Done":false},{"Time":"2019-03-26T01:11:06","Situation":"flat","Type":"bid","Price":3.60000000,"Amount":33452.66000000,"Done":false},{"Time":"2019-03-26T01:16:10","Situation":"flat","Type":"bid","Price":3.60000000,"Amount":33452.66000000,"Done":false},{"Time":"2019-03-26T01:21:05","Situation":"flat","Type":"bid","Price":3.60000000,"Amount":33452.66000000,"Done":false},{"Time":"2019-03-26T01:21:10","Situation":"flat","Type":"bid","Price":3.60000000,"Amount":33452.66000000,"Done":false},{"Time":"2019-03-26T01:41:11","Situation":"flat","Type":"bid","Price":3.60000000,"Amount":35553.34000000,"Done":false},{"Time":"2019-03-26T01:41:11","Situation":"flat","Type":"bid","Price":3.60000000,"Amount":35553.34000000,"Done":false},{"Time":"2019-03-26T18:30:15","Situation":"flat","Type":"bid","Price":3.60000000,"Amount":28959.57000000,"Done":false},{"Time":"2019-03-26T18:50:15","Situation":"flat","Type":"bid","Price":3.60000000,"Amount":49212.20000000,"Done":false},{"Time":"2019-03-26T18:50:21","Situation":"flat","Type":"bid","Price":3.60000000,"Amount":49212.20000000,"Done":false},{"Time":"2019-03-26T18:55:16","Situation":"flat","Type":"bid","Price":3.60000000,"Amount":48706.12000000,"Done":false},{"Time":"2019-03-26T18:55:21","Situation":"flat","Type":"bid","Price":3.60000000,"Amount":48706.12000000,"Done":false},{"Time":"2019-03-26T19:00:16","Situation":"flat","Type":"bid","Price":3.60000000,"Amount":48706.12000000,"Done":false},{"Time":"2019-03-26T19:00:21","Situation":"flat","Type":"bid","Price":3.60000000,"Amount":48706.12000000,"Done":false},{"Time":"2019-03-26T19:05:16","Situation":"flat","Type":"bid","Price":3.60000000,"Amount":49474.43000000,"Done":false},{"Time":"2019-03-26T19:05:21","Situation":"flat","Type":"bid","Price":3.60000000,"Amount":49474.43000000,"Done":false},{"Time":"2019-03-26T19:10:20","Situation":"flat","Type":"bid","Price":3.60000000,"Amount":49474.43000000,"Done":false},{"Time":"2019-03-26T19:10:24","Situation":"flat","Type":"bid","Price":3.60000000,"Amount":49474.43000000,"Done":false},{"Time":"2019-03-26T19:15:21","Situation":"flat","Type":"bid","Price":3.60000000,"Amount":49980.54000000,"Done":false},{"Time":"2019-03-26T19:15:26","Situation":"flat","Type":"bid","Price":3.60000000,"Amount":49980.54000000,"Done":false},{"Time":"2019-03-26T19:20:25","Situation":"flat","Type":"bid","Price":3.60000000,"Amount":49980.54000000,"Done":false},{"Time":"2019-03-26T19:20:30","Situation":"flat","Type":"bid","Price":3.60000000,"Amount":49980.54000000,"Done":false},{"Time":"2019-03-26T19:25:25","Situation":"flat","Type":"bid","Price":3.60000000,"Amount":50743.72000000,"Done":false},{"Time":"2019-03-26T19:25:31","Situation":"flat","Type":"bid","Price":3.60000000,"Amount":50743.72000000,"Done":false},{"Time":"2019-03-26T19:30:25","Situation":"flat","Type":"bid","Price":3.60000000,"Amount":50743.72000000,"Done":false},{"Time":"2019-03-26T19:30:35","Situation":"flat","Type":"bid","Price":3.60000000,"Amount":50743.72000000,"Done":false},{"Time":"2019-03-26T19:35:26","Situation":"flat","Type":"bid","Price":3.60000000,"Amount":50743.72000000,"Done":false},{"Time":"2019-03-26T19:35:36","Situation":"flat","Type":"bid","Price":3.60000000,"Amount":50743.72000000,"Done":false},{"Time":"2019-03-26T19:40:26","Situation":"flat","Type":"bid","Price":3.60000000,"Amount":50743.72000000,"Done":false},{"Time":"2019-03-26T19:40:36","Situation":"flat","Type":"bid","Price":3.60000000,"Amount":50743.72000000,"Done":false},{"Time":"2019-03-26T19:45:29","Situation":"flat","Type":"bid","Price":3.60000000,"Amount":50743.72000000,"Done":false},{"Time":"2019-03-26T19:45:39","Situation":"flat","Type":"bid","Price":3.60000000,"Amount":50743.72000000,"Done":false},{"Time":"2019-03-26T19:50:30","Situation":"flat","Type":"bid","Price":3.60000000,"Amount":50743.72000000,"Done":false},{"Time":"2019-03-26T19:50:40","Situation":"flat","Type":"bid","Price":3.60000000,"Amount":50743.72000000,"Done":false},{"Time":"2019-03-26T19:55:34","Situation":"flat","Type":"bid","Price":3.60000000,"Amount":50743.72000000,"Done":false},{"Time":"2019-03-26T19:55:40","Situation":"flat","Type":"bid","Price":3.60000000,"Amount":50743.72000000,"Done":false},{"Time":"2019-03-26T20:00:36","Situation":"flat","Type":"bid","Price":3.60000000,"Amount":50888.85000000,"Done":false},{"Time":"2019-03-26T20:00:41","Situation":"flat","Type":"bid","Price":3.60000000,"Amount":50888.85000000,"Done":false},{"Time":"2019-03-26T20:05:37","Situation":"flat","Type":"bid","Price":3.60000000,"Amount":50888.85000000,"Done":false},{"Time":"2019-03-26T20:05:42","Situation":"flat","Type":"bid","Price":3.60000000,"Amount":50888.85000000,"Done":false},{"Time":"2019-03-26T20:10:37","Situation":"flat","Type":"bid","Price":3.60000000,"Amount":50896.37000000,"Done":false},{"Time":"2019-03-26T20:10:42","Situation":"flat","Type":"bid","Price":3.60000000,"Amount":50896.37000000,"Done":false},{"Time":"2019-03-26T20:15:39","Situation":"flat","Type":"bid","Price":3.60000000,"Amount":50896.37000000,"Done":false},{"Time":"2019-03-26T20:15:44","Situation":"flat","Type":"bid","Price":3.60000000,"Amount":50896.37000000,"Done":false},{"Time":"2019-03-26T20:20:40","Situation":"flat","Type":"bid","Price":3.60000000,"Amount":50896.37000000,"Done":false},{"Time":"2019-03-26T20:20:45","Situation":"flat","Type":"bid","Price":3.60000000,"Amount":50896.37000000,"Done":false},{"Time":"2019-03-26T20:25:44","Situation":"flat","Type":"bid","Price":3.60000000,"Amount":50896.37000000,"Done":false},{"Time":"2019-03-26T20:25:45","Situation":"flat","Type":"bid","Price":3.60000000,"Amount":50896.37000000,"Done":false},{"Time":"2019-03-26T20:30:47","Situation":"flat","Type":"bid","Price":3.60000000,"Amount":50896.37000000,"Done":false},{"Time":"2019-03-26T20:30:47","Situation":"flat","Type":"bid","Price":3.60000000,"Amount":50896.37000000,"Done":false},{"Time":"2019-03-26T20:35:50","Situation":"flat","Type":"bid","Price":3.60000000,"Amount":52285.25000000,"Done":false},{"Time":"2019-03-26T20:35:51","Situation":"flat","Type":"bid","Price":3.60000000,"Amount":52285.25000000,"Done":false},{"Time":"2019-03-26T20:40:51","Situation":"flat","Type":"bid","Price":3.60000000,"Amount":52285.25000000,"Done":false},{"Time":"2019-03-26T20:40:55","Situation":"flat","Type":"bid","Price":3.60000000,"Amount":52285.25000000,"Done":false},{"Time":"2019-03-26T20:45:51","Situation":"flat","Type":"bid","Price":3.60000000,"Amount":52285.25000000,"Done":false},{"Time":"2019-03-26T20:45:56","Situation":"flat","Type":"bid","Price":3.60000000,"Amount":52285.25000000,"Done":false},{"Time":"2019-03-26T20:50:54","Situation":"flat","Type":"bid","Price":3.60000000,"Amount":52285.25000000,"Done":false},{"Time":"2019-03-26T20:50:59","Situation":"flat","Type":"bid","Price":3.60000000,"Amount":52285.25000000,"Done":false},{"Time":"2019-03-26T20:55:56","Situation":"flat","Type":"bid","Price":3.60000000,"Amount":52285.25000000,"Done":false},{"Time":"2019-03-26T20:56:04","Situation":"flat","Type":"bid","Price":3.60000000,"Amount":52285.25000000,"Done":false}],"TradeHistory":[{"Time":"2019-03-26T00:15:44","Situation":"flat","Id":"16204641","Type":"market","Side":"buy","OrderTime":"2019-03-26T00:13:35","Price":3.66290000,"Amount":3900.00000000},{"Time":"2019-03-26T00:30:46","Situation":"flat","Id":"16205245","Type":"market","Side":"sell","OrderTime":"2019-03-26T00:26:44","Price":3.66990000,"Amount":3712.34000000},{"Time":"2019-03-26T01:36:09","Situation":"flat","Id":"16206958","Type":"market","Side":"sell","OrderTime":"2019-03-26T01:33:46","Price":3.65500000,"Amount":3368.23000000},{"Time":"2019-03-26T03:06:40","Situation":"flat","Id":"16208692","Type":"market","Side":"buy","OrderTime":"2019-03-26T03:04:35","Price":3.65040000,"Amount":3140.32000000},{"Time":"2019-03-26T03:41:50","Situation":"flat","Id":"16209575","Type":"market","Side":"sell","OrderTime":"2019-03-26T03:39:21","Price":3.64210000,"Amount":5737.12000000},{"Time":"2019-03-26T03:51:54","Situation":"flat","Id":"16209893","Type":"market","Side":"buy","OrderTime":"2019-03-26T03:50:30","Price":3.63320000,"Amount":3025.65000000},{"Time":"2019-03-26T03:56:55","Situation":"flat","Id":"16209996","Type":"market","Side":"sell","OrderTime":"2019-03-26T03:55:20","Price":3.63070000,"Amount":4786.97000000},{"Time":"2019-03-26T08:36:50","Situation":"flat","Id":"16215033","Type":"market","Side":"sell","OrderTime":"2019-03-26T08:32:46","Price":3.63200000,"Amount":4257.14000000},{"Time":"2019-03-26T08:36:50","Situation":"flat","Id":"16215035","Type":"market","Side":"sell","OrderTime":"2019-03-26T08:32:46","Price":3.63160000,"Amount":6947.65000000},{"Time":"2019-03-26T08:36:50","Situation":"flat","Id":"16215051","Type":"market","Side":"sell","OrderTime":"2019-03-26T08:32:47","Price":3.62830000,"Amount":3114.39000000},{"Time":"2019-03-26T11:22:51","Situation":"flat","Id":"16219478","Type":"market","Side":"sell","OrderTime":"2019-03-26T11:22:26","Price":3.62690000,"Amount":4497.78000000},{"Time":"2019-03-26T11:22:51","Situation":"flat","Id":"16219479","Type":"market","Side":"sell","OrderTime":"2019-03-26T11:22:26","Price":3.62690000,"Amount":5018.20000000},{"Time":"2019-03-26T12:18:17","Situation":"flat","Id":"16220876","Type":"market","Side":"buy","OrderTime":"2019-03-26T12:16:29","Price":3.60980000,"Amount":4222.04000000},{"Time":"2019-03-26T12:23:27","Situation":"flat","Id":"16221231","Type":"market","Side":"sell","OrderTime":"2019-03-26T12:23:25","Price":3.61450000,"Amount":3394.83000000},{"Time":"2019-03-26T12:48:26","Situation":"flat","Id":"16222071","Type":"market","Side":"buy","OrderTime":"2019-03-26T12:46:35","Price":3.60810000,"Amount":5194.02000000},{"Time":"2019-03-26T12:48:26","Situation":"flat","Id":"16222101","Type":"market","Side":"buy","OrderTime":"2019-03-26T12:47:14","Price":3.60810000,"Amount":5724.41000000},{"Time":"2019-03-26T12:53:30","Situation":"flat","Id":"16222228","Type":"market","Side":"sell","OrderTime":"2019-03-26T12:52:14","Price":3.60720000,"Amount":3562.25000000},{"Time":"2019-03-26T14:08:14","Situation":"flat","Id":"16224894","Type":"market","Side":"buy","OrderTime":"2019-03-26T14:04:52","Price":3.62020000,"Amount":4029.02000000},{"Time":"2019-03-26T14:08:14","Situation":"flat","Id":"16225042","Type":"market","Side":"sell","OrderTime":"2019-03-26T14:07:57","Price":3.62200000,"Amount":3161.56000000},{"Time":"2019-03-26T14:38:26","Situation":"flat","Id":"16226046","Type":"market","Side":"sell","OrderTime":"2019-03-26T14:38:01","Price":3.63260000,"Amount":3158.30000000},{"Time":"2019-03-26T15:54:05","Situation":"flat","Id":"16228409","Type":"market","Side":"buy","OrderTime":"2019-03-26T15:49:42","Price":3.65000000,"Amount":4211.07000000},{"Time":"2019-03-26T15:54:05","Situation":"flat","Id":"16228410","Type":"market","Side":"buy","OrderTime":"2019-03-26T15:49:42","Price":3.65000000,"Amount":4848.04000000},{"Time":"2019-03-26T19:05:16","Situation":"flat","Id":"16232789","Type":"market","Side":"sell","OrderTime":"2019-03-26T19:00:55","Price":3.65580000,"Amount":5811.58000000}],"TradeDelta":[{"TimeFrom":"2019-03-26T00:00:39","TimeTo":"2019-03-26T00:05:40","Situation":"flat","Value":0.00000000},{"TimeFrom":"2019-03-26T00:00:39","TimeTo":"2019-03-26T00:05:40","Situation":"flat","Value":0.00000000},{"TimeFrom":"2019-03-26T00:05:40","TimeTo":"2019-03-26T00:10:44","Situation":"flat","Value":0.00000000},{"TimeFrom":"2019-03-26T00:05:40","TimeTo":"2019-03-26T00:10:44","Situation":"flat","Value":0.00000000},{"TimeFrom":"2019-03-26T00:10:44","TimeTo":"2019-03-26T00:15:44","Situation":"flat","Value":3900.00000000},{"TimeFrom":"2019-03-26T00:10:44","TimeTo":"2019-03-26T00:15:45","Situation":"flat","Value":3900.00000000},{"TimeFrom":"2019-03-26T00:15:44","TimeTo":"2019-03-26T00:20:46","Situation":"flat","Value":0.00000000},{"TimeFrom":"2019-03-26T00:15:45","TimeTo":"2019-03-26T00:20:46","Situation":"flat","Value":0.00000000},{"TimeFrom":"2019-03-26T00:20:46","TimeTo":"2019-03-26T00:25:46","Situation":"flat","Value":0.00000000},{"TimeFrom":"2019-03-26T00:20:46","TimeTo":"2019-03-26T00:25:49","Situation":"flat","Value":0.00000000},{"TimeFrom":"2019-03-26T00:25:46","TimeTo":"2019-03-26T00:30:46","Situation":"flat","Value":-3712.34000000},{"TimeFrom":"2019-03-26T00:25:49","TimeTo":"2019-03-26T00:30:50","Situation":"flat","Value":-3712.34000000},{"TimeFrom":"2019-03-26T00:30:46","TimeTo":"2019-03-26T00:35:49","Situation":"flat","Value":0.00000000},{"TimeFrom":"2019-03-26T00:30:50","TimeTo":"2019-03-26T00:35:54","Situation":"flat","Value":0.00000000},{"TimeFrom":"2019-03-26T00:35:49","TimeTo":"2019-03-26T00:40:50","Situation":"flat","Value":0.00000000},{"TimeFrom":"2019-03-26T00:35:54","TimeTo":"2019-03-26T00:40:55","Situation":"flat","Value":0.00000000},{"TimeFrom":"2019-03-26T00:40:50","TimeTo":"2019-03-26T00:45:51","Situation":"flat","Value":0.00000000},{"TimeFrom":"2019-03-26T00:40:55","TimeTo":"2019-03-26T00:45:56","Situation":"flat","Value":0.00000000},{"TimeFrom":"2019-03-26T00:45:51","TimeTo":"2019-03-26T00:50:51","Situation":"flat","Value":0.00000000},{"TimeFrom":"2019-03-26T00:45:56","TimeTo":"2019-03-26T00:50:56","Situation":"flat","Value":0.00000000},{"TimeFrom":"2019-03-26T00:50:51","TimeTo":"2019-03-26T00:55:52","Situation":"flat","Value":0.00000000},{"TimeFrom":"2019-03-26T00:50:56","TimeTo":"2019-03-26T00:55:57","Situation":"flat","Value":0.00000000},{"TimeFrom":"2019-03-26T00:55:52","TimeTo":"2019-03-26T01:00:55","Situation":"flat","Value":0.00000000},{"TimeFrom":"2019-03-26T00:55:57","TimeTo":"2019-03-26T01:01:05","Situation":"flat","Value":0.00000000},{"TimeFrom":"2019-03-26T01:00:55","TimeTo":"2019-03-26T01:05:59","Situation":"flat","Value":0.00000000},{"TimeFrom":"2019-03-26T01:01:05","TimeTo":"2019-03-26T01:06:05","Situation":"flat","Value":0.00000000},{"TimeFrom":"2019-03-26T01:05:59","TimeTo":"2019-03-26T01:11:00","Situation":"flat","Value":0.00000000},{"TimeFrom":"2019-03-26T01:06:05","TimeTo":"2019-03-26T01:11:06","Situation":"flat","Value":0.00000000},{"TimeFrom":"2019-03-26T01:11:00","TimeTo":"2019-03-26T01:16:00","Situation":"flat","Value":0.00000000},{"TimeFrom":"2019-03-26T01:11:06","TimeTo":"2019-03-26T01:16:10","Situation":"flat","Value":0.00000000},{"TimeFrom":"2019-03-26T01:16:00","TimeTo":"2019-03-26T01:21:05","Situation":"flat","Value":0.00000000},{"TimeFrom":"2019-03-26T01:16:10","TimeTo":"2019-03-26T01:21:10","Situation":"flat","Value":0.00000000},{"TimeFrom":"2019-03-26T01:21:05","TimeTo":"2019-03-26T01:26:05","Situation":"flat","Value":0.00000000},{"TimeFrom":"2019-03-26T01:21:10","TimeTo":"2019-03-26T01:26:10","Situation":"flat","Value":0.00000000},{"TimeFrom":"2019-03-26T01:26:05","TimeTo":"2019-03-26T01:31:09","Situation":"flat","Value":0.00000000},{"TimeFrom":"2019-03-26T01:26:10","TimeTo":"2019-03-26T01:31:10","Situation":"flat","Value":0.00000000},{"TimeFrom":"2019-03-26T01:31:09","TimeTo":"2019-03-26T01:36:09","Situation":"flat","Value":-3368.23000000},{"TimeFrom":"2019-03-26T01:31:10","TimeTo":"2019-03-26T01:36:10","Situation":"flat","Value":-3368.23000000},{"TimeFrom":"2019-03-26T01:36:09","TimeTo":"2019-03-26T01:41:11","Situation":"flat","Value":0.00000000},{"TimeFrom":"2019-03-26T01:36:10","TimeTo":"2019-03-26T01:41:11","Situation":"flat","Value":0.00000000},{"TimeFrom":"2019-03-26T01:41:11","TimeTo":"2019-03-26T01:46:11","Situation":"flat","Value":0.00000000},{"TimeFrom":"2019-03-26T01:41:11","TimeTo":"2019-03-26T01:46:11","Situation":"flat","Value":0.00000000},{"TimeFrom":"2019-03-26T01:46:11","TimeTo":"2019-03-26T01:51:15","Situation":"flat","Value":0.00000000},{"TimeFrom":"2019-03-26T01:46:11","TimeTo":"2019-03-26T01:51:15","Situation":"flat","Value":0.00000000},{"TimeFrom":"2019-03-26T01:51:15","TimeTo":"2019-03-26T01:56:16","Situation":"flat","Value":0.00000000},{"TimeFrom":"2019-03-26T01:51:15","TimeTo":"2019-03-26T01:56:16","Situation":"flat","Value":0.00000000},{"TimeFrom":"2019-03-26T01:56:16","TimeTo":"2019-03-26T02:01:20","Situation":"flat","Value":0.00000000},{"TimeFrom":"2019-03-26T01:56:16","TimeTo":"2019-03-26T02:01:20","Situation":"flat","Value":0.00000000},{"TimeFrom":"2019-03-26T02:01:20","TimeTo":"2019-03-26T02:06:21","Situation":"flat","Value":0.00000000},{"TimeFrom":"2019-03-26T02:01:20","TimeTo":"2019-03-26T02:06:21","Situation":"flat","Value":0.00000000},{"TimeFrom":"2019-03-26T02:06:21","TimeTo":"2019-03-26T02:11:21","Situation":"flat","Value":0.00000000},{"TimeFrom":"2019-03-26T02:06:21","TimeTo":"2019-03-26T02:11:25","Situation":"flat","Value":0.00000000},{"TimeFrom":"2019-03-26T02:11:21","TimeTo":"2019-03-26T02:16:24","Situation":"flat","Value":0.00000000},{"TimeFrom":"2019-03-26T02:11:25","TimeTo":"2019-03-26T02:16:29","Situation":"flat","Value":0.00000000},{"TimeFrom":"2019-03-26T02:16:24","TimeTo":"2019-03-26T02:21:26","Situation":"flat","Value":0.00000000},{"TimeFrom":"2019-03-26T02:16:29","TimeTo":"2019-03-26T02:21:31","Situation":"flat","Value":0.00000000},{"TimeFrom":"2019-03-26T02:21:26","TimeTo":"2019-03-26T02:26:26","Situation":"flat","Value":0.00000000},{"TimeFrom":"2019-03-26T02:21:31","TimeTo":"2019-03-26T02:26:31","Situation":"flat","Value":0.00000000},{"TimeFrom":"2019-03-26T02:26:26","TimeTo":"2019-03-26T02:31:28","Situation":"flat","Value":0.00000000},{"TimeFrom":"2019-03-26T02:26:31","TimeTo":"2019-03-26T02:31:32","Situation":"flat","Value":0.00000000},{"TimeFrom":"2019-03-26T02:31:28","TimeTo":"2019-03-26T02:36:30","Situation":"flat","Value":0.00000000},{"TimeFrom":"2019-03-26T02:31:32","TimeTo":"2019-03-26T02:36:34","Situation":"flat","Value":0.00000000},{"TimeFrom":"2019-03-26T02:36:30","TimeTo":"2019-03-26T02:41:31","Situation":"flat","Value":0.00000000},{"TimeFrom":"2019-03-26T02:36:34","TimeTo":"2019-03-26T02:41:35","Situation":"flat","Value":0.00000000},{"TimeFrom":"2019-03-26T02:41:31","TimeTo":"2019-03-26T02:46:34","Situation":"flat","Value":0.00000000},{"TimeFrom":"2019-03-26T02:41:35","TimeTo":"2019-03-26T02:46:39","Situation":"flat","Value":0.00000000},{"TimeFrom":"2019-03-26T02:46:34","TimeTo":"2019-03-26T02:51:35","Situation":"flat","Value":0.00000000},{"TimeFrom":"2019-03-26T02:46:39","TimeTo":"2019-03-26T02:51:40","Situation":"flat","Value":0.00000000},{"TimeFrom":"2019-03-26T02:51:35","TimeTo":"2019-03-26T02:56:39","Situation":"flat","Value":0.00000000},{"TimeFrom":"2019-03-26T02:51:40","TimeTo":"2019-03-26T02:56:44","Situation":"flat","Value":0.00000000},{"TimeFrom":"2019-03-26T02:56:39","TimeTo":"2019-03-26T03:01:39","Situation":"flat","Value":0.00000000},{"TimeFrom":"2019-03-26T02:56:44","TimeTo":"2019-03-26T03:01:44","Situation":"flat","Value":0.00000000},{"TimeFrom":"2019-03-26T03:01:39","TimeTo":"2019-03-26T03:06:40","Situation":"flat","Value":3140.32000000},{"TimeFrom":"2019-03-26T03:01:44","TimeTo":"2019-03-26T03:06:44","Situation":"flat","Value":3140.32000000},{"TimeFrom":"2019-03-26T03:06:40","TimeTo":"2019-03-26T03:11:44","Situation":"flat","Value":0.00000000},{"TimeFrom":"2019-03-26T03:06:44","TimeTo":"2019-03-26T03:11:44","Situation":"flat","Value":0.00000000},{"TimeFrom":"2019-03-26T03:11:44","TimeTo":"2019-03-26T03:16:46","Situation":"flat","Value":0.00000000},{"TimeFrom":"2019-03-26T03:11:44","TimeTo":"2019-03-26T03:16:46","Situation":"flat","Value":0.00000000},{"TimeFrom":"2019-03-26T03:16:46","TimeTo":"2019-03-26T03:21:46","Situation":"flat","Value":0.00000000},{"TimeFrom":"2019-03-26T03:16:46","TimeTo":"2019-03-26T03:21:46","Situation":"flat","Value":0.00000000},{"TimeFrom":"2019-03-26T03:21:46","TimeTo":"2019-03-26T03:26:49","Situation":"flat","Value":0.00000000},{"TimeFrom":"2019-03-26T03:21:46","TimeTo":"2019-03-26T03:26:50","Situation":"flat","Value":0.00000000},{"TimeFrom":"2019-03-26T03:26:49","TimeTo":"2019-03-26T03:31:50","Situation":"flat","Value":0.00000000},{"TimeFrom":"2019-03-26T03:26:50","TimeTo":"2019-03-26T03:31:50","Situation":"flat","Value":0.00000000},{"TimeFrom":"2019-03-26T03:31:50","TimeTo":"2019-03-26T03:36:50","Situation":"flat","Value":0.00000000},{"TimeFrom":"2019-03-26T03:31:50","TimeTo":"2019-03-26T03:36:51","Situation":"flat","Value":0.00000000},{"TimeFrom":"2019-03-26T03:36:50","TimeTo":"2019-03-26T03:41:50","Situation":"flat","Value":-5737.12000000},{"TimeFrom":"2019-03-26T03:36:51","TimeTo":"2019-03-26T03:41:55","Situation":"flat","Value":-5737.12000000},{"TimeFrom":"2019-03-26T03:41:50","TimeTo":"2019-03-26T03:46:54","Situation":"flat","Value":0.00000000},{"TimeFrom":"2019-03-26T03:41:55","TimeTo":"2019-03-26T03:46:59","Situation":"flat","Value":0.00000000},{"TimeFrom":"2019-03-26T03:46:54","TimeTo":"2019-03-26T03:51:54","Situation":"flat","Value":3025.65000000},{"TimeFrom":"2019-03-26T03:46:59","TimeTo":"2019-03-26T03:52:06","Situation":"flat","Value":3025.65000000},{"TimeFrom":"2019-03-26T03:51:54","TimeTo":"2019-03-26T03:56:55","Situation":"flat","Value":-4786.97000000},{"TimeFrom":"2019-03-26T03:52:06","TimeTo":"2019-03-26T03:57:06","Situation":"flat","Value":-4786.97000000},{"TimeFrom":"2019-03-26T03:56:55","TimeTo":"2019-03-26T04:01:59","Situation":"flat","Value":0.00000000},{"TimeFrom":"2019-03-26T03:57:06","TimeTo":"2019-03-26T04:02:06","Situation":"flat","Value":0.00000000},{"TimeFrom":"2019-03-26T04:01:59","TimeTo":"2019-03-26T04:07:00","Situation":"flat","Value":0.00000000},{"TimeFrom":"2019-03-26T04:02:06","TimeTo":"2019-03-26T04:07:06","Situation":"flat","Value":0.00000000},{"TimeFrom":"2019-03-26T04:07:00","TimeTo":"2019-03-26T04:12:00","Situation":"flat","Value":0.00000000},{"TimeFrom":"2019-03-26T04:07:06","TimeTo":"2019-03-26T04:12:07","Situation":"flat","Value":0.00000000},{"TimeFrom":"2019-03-26T04:12:00","TimeTo":"2019-03-26T04:17:00","Situation":"flat","Value":0.00000000},{"TimeFrom":"2019-03-26T04:12:07","TimeTo":"2019-03-26T04:17:11","Situation":"flat","Value":0.00000000},{"TimeFrom":"2019-03-26T04:17:00","TimeTo":"2019-03-26T04:22:04","Situation":"flat","Value":0.00000000},{"TimeFrom":"2019-03-26T04:17:11","TimeTo":"2019-03-26T04:22:14","Situation":"flat","Value":0.00000000},{"TimeFrom":"2019-03-26T04:22:04","TimeTo":"2019-03-26T04:27:04","Situation":"flat","Value":0.00000000},{"TimeFrom":"2019-03-26T04:22:14","TimeTo":"2019-03-26T04:27:14","Situation":"flat","Value":0.00000000},{"TimeFrom":"2019-03-26T04:27:04","TimeTo":"2019-03-26T04:32:04","Situation":"flat","Value":0.00000000},{"TimeFrom":"2019-03-26T04:27:14","TimeTo":"2019-03-26T04:32:14","Situation":"flat","Value":0.00000000},{"TimeFrom":"2019-03-26T04:32:04","TimeTo":"2019-03-26T04:37:07","Situation":"flat","Value":0.00000000},{"TimeFrom":"2019-03-26T04:32:14","TimeTo":"2019-03-26T04:37:17","Situation":"flat","Value":0.00000000},{"TimeFrom":"2019-03-26T04:37:07","TimeTo":"2019-03-26T04:42:10","Situation":"flat","Value":0.00000000},{"TimeFrom":"2019-03-26T04:37:17","TimeTo":"2019-03-26T04:42:20","Situation":"flat","Value":0.00000000},{"TimeFrom":"2019-03-26T04:42:10","TimeTo":"2019-03-26T04:47:13","Situation":"flat","Value":0.00000000},{"TimeFrom":"2019-03-26T04:42:20","TimeTo":"2019-03-26T04:47:24","Situation":"flat","Value":0.00000000},{"TimeFrom":"2019-03-26T04:47:13","TimeTo":"2019-03-26T04:52:13","Situation":"flat","Value":0.00000000},{"TimeFrom":"2019-03-26T04:47:24","TimeTo":"2019-03-26T04:52:24","Situation":"flat","Value":0.00000000},{"TimeFrom":"2019-03-26T04:52:13","TimeTo":"2019-03-26T04:57:15","Situation":"flat","Value":0.00000000},{"TimeFrom":"2019-03-26T04:52:24","TimeTo":"2019-03-26T04:57:25","Situation":"flat","Value":0.00000000},{"TimeFrom":"2019-03-26T04:57:15","TimeTo":"2019-03-26T05:02:19","Situation":"flat","Value":0.00000000},{"TimeFrom":"2019-03-26T04:57:25","TimeTo":"2019-03-26T05:02:29","Situation":"flat","Value":0.00000000},{"TimeFrom":"2019-03-26T05:02:19","TimeTo":"2019-03-26T05:07:20","Situation":"flat","Value":0.00000000},{"TimeFrom":"2019-03-26T05:02:29","TimeTo":"2019-03-26T05:07:31","Situation":"flat","Value":0.00000000},{"TimeFrom":"2019-03-26T05:07:20","TimeTo":"2019-03-26T05:12:24","Situation":"flat","Value":0.00000000},{"TimeFrom":"2019-03-26T05:07:31","TimeTo":"2019-03-26T05:12:34","Situation":"flat","Value":0.00000000},{"TimeFrom":"2019-03-26T05:12:24","TimeTo":"2019-03-26T05:17:25","Situation":"flat","Value":0.00000000},{"TimeFrom":"2019-03-26T05:12:34","TimeTo":"2019-03-26T05:17:35","Situation":"flat","Value":0.00000000},{"TimeFrom":"2019-03-26T05:17:25","TimeTo":"2019-03-26T05:22:27","Situation":"flat","Value":0.00000000},{"TimeFrom":"2019-03-26T05:17:35","TimeTo":"2019-03-26T05:22:37","Situation":"flat","Value":0.00000000},{"TimeFrom":"2019-03-26T05:22:27","TimeTo":"2019-03-26T05:27:30","Situation":"flat","Value":0.00000000},{"TimeFrom":"2019-03-26T05:22:37","TimeTo":"2019-03-26T05:27:40","Situation":"flat","Value":0.00000000},{"TimeFrom":"2019-03-26T05:27:30","TimeTo":"2019-03-26T05:32:34","Situation":"flat","Value":0.00000000},{"TimeFrom":"2019-03-26T05:27:40","TimeTo":"2019-03-26T05:32:44","Situation":"flat","Value":0.00000000},{"TimeFrom":"2019-03-26T05:32:34","TimeTo":"2019-03-26T05:37:35","Situation":"flat","Value":0.00000000},{"TimeFrom":"2019-03-26T05:32:44","TimeTo":"2019-03-26T05:37:45","Situation":"flat","Value":0.00000000},{"TimeFrom":"2019-03-26T05:37:35","TimeTo":"2019-03-26T05:42:39","Situation":"flat","Value":0.00000000},{"TimeFrom":"2019-03-26T05:37:45","TimeTo":"2019-03-26T05:42:48","Situation":"flat","Value":0.00000000},{"TimeFrom":"2019-03-26T05:42:39","TimeTo":"2019-03-26T05:47:39","Situation":"flat","Value":0.00000000},{"TimeFrom":"2019-03-26T05:42:48","TimeTo":"2019-03-26T05:47:49","Situation":"flat","Value":0.00000000},{"TimeFrom":"2019-03-26T05:47:39","TimeTo":"2019-03-26T05:52:39","Situation":"flat","Value":0.00000000},{"TimeFrom":"2019-03-26T05:47:49","TimeTo":"2019-03-26T05:52:49","Situation":"flat","Value":0.00000000},{"TimeFrom":"2019-03-26T05:52:39","TimeTo":"2019-03-26T05:57:43","Situation":"flat","Value":0.00000000},{"TimeFrom":"2019-03-26T05:52:49","TimeTo":"2019-03-26T05:57:53","Situation":"flat","Value":0.00000000},{"TimeFrom":"2019-03-26T05:57:43","TimeTo":"2019-03-26T06:02:45","Situation":"flat","Value":0.00000000},{"TimeFrom":"2019-03-26T05:57:53","TimeTo":"2019-03-26T06:02:55","Situation":"flat","Value":0.00000000},{"TimeFrom":"2019-03-26T06:02:45","TimeTo":"2019-03-26T06:07:46","Situation":"flat","Value":0.00000000},{"TimeFrom":"2019-03-26T06:02:55","TimeTo":"2019-03-26T06:07:56","Situation":"flat","Value":0.00000000},{"TimeFrom":"2019-03-26T06:07:46","TimeTo":"2019-03-26T06:12:49","Situation":"flat","Value":0.00000000},{"TimeFrom":"2019-03-26T06:07:56","TimeTo":"2019-03-26T06:12:59","Situation":"flat","Value":0.00000000},{"TimeFrom":"2019-03-26T06:12:49","TimeTo":"2019-03-26T06:17:50","Situation":"flat","Value":0.00000000},{"TimeFrom":"2019-03-26T06:12:59","TimeTo":"2019-03-26T06:18:05","Situation":"flat","Value":0.00000000},{"TimeFrom":"2019-03-26T06:17:50","TimeTo":"2019-03-26T06:22:50","Situation":"flat","Value":0.00000000},{"TimeFrom":"2019-03-26T06:18:05","TimeTo":"2019-03-26T06:23:06","Situation":"flat","Value":0.00000000},{"TimeFrom":"2019-03-26T06:22:50","TimeTo":"2019-03-26T06:27:51","Situation":"flat","Value":0.00000000},{"TimeFrom":"2019-03-26T06:23:06","TimeTo":"2019-03-26T06:28:07","Situation":"flat","Value":0.00000000},{"TimeFrom":"2019-03-26T06:27:51","TimeTo":"2019-03-26T06:32:51","Situation":"flat","Value":0.00000000},{"TimeFrom":"2019-03-26T06:28:07","TimeTo":"2019-03-26T06:33:10","Situation":"flat","Value":0.00000000},{"TimeFrom":"2019-03-26T06:32:51","TimeTo":"2019-03-26T06:37:54","Situation":"flat","Value":0.00000000},{"TimeFrom":"2019-03-26T06:33:10","TimeTo":"2019-03-26T06:38:11","Situation":"flat","Value":0.00000000},{"TimeFrom":"2019-03-26T06:37:54","TimeTo":"2019-03-26T06:42:56","Situation":"flat","Value":0.00000000},{"TimeFrom":"2019-03-26T06:38:11","TimeTo":"2019-03-26T06:43:12","Situation":"flat","Value":0.00000000},{"TimeFrom":"2019-03-26T06:42:56","TimeTo":"2019-03-26T06:47:56","Situation":"flat","Value":0.00000000},{"TimeFrom":"2019-03-26T06:43:12","TimeTo":"2019-03-26T06:48:15","Situation":"flat","Value":0.00000000},{"TimeFrom":"2019-03-26T06:47:56","TimeTo":"2019-03-26T06:53:00","Situation":"flat","Value":0.00000000},{"TimeFrom":"2019-03-26T06:48:15","TimeTo":"2019-03-26T06:53:17","Situation":"flat","Value":0.00000000},{"TimeFrom":"2019-03-26T06:53:00","TimeTo":"2019-03-26T06:58:04","Situation":"flat","Value":0.00000000},{"TimeFrom":"2019-03-26T06:53:17","TimeTo":"2019-03-26T06:58:19","Situation":"flat","Value":0.00000000},{"TimeFrom":"2019-03-26T06:58:04","TimeTo":"2019-03-26T07:01:20","Situation":"trend","Value":0.00000000},{"TimeFrom":"2019-03-26T06:58:19","TimeTo":"2019-03-26T07:01:20","Situation":"trend","Value":0.00000000},{"TimeFrom":"2019-03-26T07:01:20","TimeTo":"2019-03-26T07:06:21","Situation":"flat","Value":0.00000000},{"TimeFrom":"2019-03-26T07:01:20","TimeTo":"2019-03-26T07:06:21","Situation":"flat","Value":0.00000000},{"TimeFrom":"2019-03-26T07:06:21","TimeTo":"2019-03-26T07:11:24","Situation":"flat","Value":0.00000000},{"TimeFrom":"2019-03-26T07:06:21","TimeTo":"2019-03-26T07:11:24","Situation":"flat","Value":0.00000000},{"TimeFrom":"2019-03-26T07:11:24","TimeTo":"2019-03-26T07:16:24","Situation":"flat","Value":0.00000000},{"TimeFrom":"2019-03-26T07:11:24","TimeTo":"2019-03-26T07:16:24","Situation":"flat","Value":0.00000000},{"TimeFrom":"2019-03-26T07:16:24","TimeTo":"2019-03-26T07:21:24","Situation":"flat","Value":0.00000000},{"TimeFrom":"2019-03-26T07:16:24","TimeTo":"2019-03-26T07:21:25","Situation":"flat","Value":0.00000000},{"TimeFrom":"2019-03-26T07:21:24","TimeTo":"2019-03-26T07:26:26","Situation":"flat","Value":0.00000000},{"TimeFrom":"2019-03-26T07:21:25","TimeTo":"2019-03-26T07:26:26","Situation":"flat","Value":0.00000000},{"TimeFrom":"2019-03-26T07:26:26","TimeTo":"2019-03-26T07:31:30","Situation":"flat","Value":0.00000000},{"TimeFrom":"2019-03-26T07:26:26","TimeTo":"2019-03-26T07:31:30","Situation":"flat","Value":0.00000000},{"TimeFrom":"2019-03-26T07:31:30","TimeTo":"2019-03-26T07:36:31","Situation":"flat","Value":0.00000000},{"TimeFrom":"2019-03-26T07:31:30","TimeTo":"2019-03-26T07:36:34","Situation":"flat","Value":0.00000000},{"TimeFrom":"2019-03-26T07:36:31","TimeTo":"2019-03-26T07:41:31","Situation":"flat","Value":0.00000000},{"TimeFrom":"2019-03-26T07:36:34","TimeTo":"2019-03-26T07:41:35","Situation":"flat","Value":0.00000000},{"TimeFrom":"2019-03-26T07:41:31","TimeTo":"2019-03-26T07:46:35","Situation":"flat","Value":0.00000000},{"TimeFrom":"2019-03-26T07:41:35","TimeTo":"2019-03-26T07:46:35","Situation":"flat","Value":0.00000000},{"TimeFrom":"2019-03-26T07:46:35","TimeTo":"2019-03-26T07:51:36","Situation":"flat","Value":0.00000000},{"TimeFrom":"2019-03-26T07:46:35","TimeTo":"2019-03-26T07:51:37","Situation":"flat","Value":0.00000000},{"TimeFrom":"2019-03-26T07:51:36","TimeTo":"2019-03-26T07:56:39","Situation":"flat","Value":0.00000000},{"TimeFrom":"2019-03-26T07:51:37","TimeTo":"2019-03-26T07:56:39","Situation":"flat","Value":0.00000000},{"TimeFrom":"2019-03-26T07:56:39","TimeTo":"2019-03-26T08:01:41","Situation":"flat","Value":0.00000000},{"TimeFrom":"2019-03-26T07:56:39","TimeTo":"2019-03-26T08:01:41","Situation":"flat","Value":0.00000000},{"TimeFrom":"2019-03-26T08:01:41","TimeTo":"2019-03-26T08:06:44","Situation":"flat","Value":0.00000000},{"TimeFrom":"2019-03-26T08:01:41","TimeTo":"2019-03-26T08:06:45","Situation":"flat","Value":0.00000000},{"TimeFrom":"2019-03-26T08:06:44","TimeTo":"2019-03-26T08:11:46","Situation":"flat","Value":0.00000000},{"TimeFrom":"2019-03-26T08:06:45","TimeTo":"2019-03-26T08:11:46","Situation":"flat","Value":0.00000000},{"TimeFrom":"2019-03-26T08:11:46","TimeTo":"2019-03-26T08:16:49","Situation":"flat","Value":0.00000000},{"TimeFrom":"2019-03-26T08:11:46","TimeTo":"2019-03-26T08:16:50","Situation":"flat","Value":0.00000000},{"TimeFrom":"2019-03-26T08:16:49","TimeTo":"2019-03-26T08:21:51","Situation":"flat","Value":0.00000000},{"TimeFrom":"2019-03-26T08:16:50","TimeTo":"2019-03-26T08:21:50","Situation":"flat","Value":0.00000000},{"TimeFrom":"2019-03-26T08:21:50","TimeTo":"2019-03-26T08:26:50","Situation":"flat","Value":0.00000000},{"TimeFrom":"2019-03-26T08:21:51","TimeTo":"2019-03-26T08:26:55","Situation":"flat","Value":0.00000000},{"TimeFrom":"2019-03-26T08:26:50","TimeTo":"2019-03-26T08:31:50","Situation":"flat","Value":0.00000000},{"TimeFrom":"2019-03-26T08:26:55","TimeTo":"2019-03-26T08:31:55","Situation":"flat","Value":0.00000000},{"TimeFrom":"2019-03-26T08:31:50","TimeTo":"2019-03-26T08:36:50","Situation":"flat","Value":-14319.18000000},{"TimeFrom":"2019-03-26T08:31:55","TimeTo":"2019-03-26T08:36:59","Situation":"flat","Value":-14319.18000000},{"TimeFrom":"2019-03-26T08:36:50","TimeTo":"2019-03-26T08:41:51","Situation":"flat","Value":0.00000000},{"TimeFrom":"2019-03-26T08:36:59","TimeTo":"2019-03-26T08:42:04","Situation":"flat","Value":0.00000000},{"TimeFrom":"2019-03-26T08:41:51","TimeTo":"2019-03-26T08:46:51","Situation":"flat","Value":0.00000000},{"TimeFrom":"2019-03-26T08:42:04","TimeTo":"2019-03-26T08:47:04","Situation":"flat","Value":0.00000000},{"TimeFrom":"2019-03-26T08:46:51","TimeTo":"2019-03-26T08:51:51","Situation":"flat","Value":0.00000000},{"TimeFrom":"2019-03-26T08:47:04","TimeTo":"2019-03-26T08:52:04","Situation":"flat","Value":0.00000000},{"TimeFrom":"2019-03-26T08:51:51","TimeTo":"2019-03-26T08:56:54","Situation":"flat","Value":0.00000000},{"TimeFrom":"2019-03-26T08:52:04","TimeTo":"2019-03-26T08:57:05","Situation":"flat","Value":0.00000000},{"TimeFrom":"2019-03-26T08:56:54","TimeTo":"2019-03-26T09:01:57","Situation":"flat","Value":0.00000000},{"TimeFrom":"2019-03-26T08:57:05","TimeTo":"2019-03-26T09:02:09","Situation":"flat","Value":0.00000000},{"TimeFrom":"2019-03-26T09:01:57","TimeTo":"2019-03-26T09:06:57","Situation":"flat","Value":0.00000000},{"TimeFrom":"2019-03-26T09:02:09","TimeTo":"2019-03-26T09:07:12","Situation":"flat","Value":0.00000000},{"TimeFrom":"2019-03-26T09:06:57","TimeTo":"2019-03-26T09:12:05","Situation":"flat","Value":0.00000000},{"TimeFrom":"2019-03-26T09:07:12","TimeTo":"2019-03-26T09:12:15","Situation":"flat","Value":0.00000000},{"TimeFrom":"2019-03-26T09:12:05","TimeTo":"2019-03-26T09:17:06","Situation":"flat","Value":0.00000000},{"TimeFrom":"2019-03-26T09:12:15","TimeTo":"2019-03-26T09:17:16","Situation":"flat","Value":0.00000000},{"TimeFrom":"2019-03-26T09:17:06","TimeTo":"2019-03-26T09:22:10","Situation":"flat","Value":0.00000000},{"TimeFrom":"2019-03-26T09:17:16","TimeTo":"2019-03-26T09:22:20","Situation":"flat","Value":0.00000000},{"TimeFrom":"2019-03-26T09:22:10","TimeTo":"2019-03-26T09:27:11","Situation":"flat","Value":0.00000000},{"TimeFrom":"2019-03-26T09:22:20","TimeTo":"2019-03-26T09:27:21","Situation":"flat","Value":0.00000000},{"TimeFrom":"2019-03-26T09:27:11","TimeTo":"2019-03-26T09:32:11","Situation":"flat","Value":0.00000000},{"TimeFrom":"2019-03-26T09:27:21","TimeTo":"2019-03-26T09:32:21","Situation":"flat","Value":0.00000000},{"TimeFrom":"2019-03-26T09:32:11","TimeTo":"2019-03-26T09:37:11","Situation":"flat","Value":0.00000000},{"TimeFrom":"2019-03-26T09:32:21","TimeTo":"2019-03-26T09:37:21","Situation":"flat","Value":0.00000000},{"TimeFrom":"2019-03-26T09:37:11","TimeTo":"2019-03-26T09:42:14","Situation":"flat","Value":0.00000000},{"TimeFrom":"2019-03-26T09:37:21","TimeTo":"2019-03-26T09:42:23","Situation":"flat","Value":0.00000000},{"TimeFrom":"2019-03-26T09:42:14","TimeTo":"2019-03-26T09:47:15","Situation":"flat","Value":0.00000000},{"TimeFrom":"2019-03-26T09:42:23","TimeTo":"2019-03-26T09:47:25","Situation":"flat","Value":0.00000000},{"TimeFrom":"2019-03-26T09:47:15","TimeTo":"2019-03-26T09:52:15","Situation":"flat","Value":0.00000000},{"TimeFrom":"2019-03-26T09:47:25","TimeTo":"2019-03-26T09:52:25","Situation":"flat","Value":0.00000000},{"TimeFrom":"2019-03-26T09:52:15","TimeTo":"2019-03-26T09:57:15","Situation":"flat","Value":0.00000000},{"TimeFrom":"2019-03-26T09:52:25","TimeTo":"2019-03-26T09:57:25","Situation":"flat","Value":0.00000000},{"TimeFrom":"2019-03-26T09:57:15","TimeTo":"2019-03-26T10:02:16","Situation":"flat","Value":0.00000000},{"TimeFrom":"2019-03-26T09:57:25","TimeTo":"2019-03-26T10:02:26","Situation":"flat","Value":0.00000000},{"TimeFrom":"2019-03-26T10:02:16","TimeTo":"2019-03-26T10:07:20","Situation":"flat","Value":0.00000000},{"TimeFrom":"2019-03-26T10:02:26","TimeTo":"2019-03-26T10:07:30","Situation":"flat","Value":0.00000000},{"TimeFrom":"2019-03-26T10:07:20","TimeTo":"2019-03-26T10:12:24","Situation":"flat","Value":0.00000000},{"TimeFrom":"2019-03-26T10:07:30","TimeTo":"2019-03-26T10:12:34","Situation":"flat","Value":0.00000000},{"TimeFrom":"2019-03-26T10:12:24","TimeTo":"2019-03-26T10:17:26","Situation":"flat","Value":0.00000000},{"TimeFrom":"2019-03-26T10:12:34","TimeTo":"2019-03-26T10:17:36","Situation":"flat","Value":0.00000000},{"TimeFrom":"2019-03-26T10:17:26","TimeTo":"2019-03-26T10:22:27","Situation":"flat","Value":0.00000000},{"TimeFrom":"2019-03-26T10:17:36","TimeTo":"2019-03-26T10:22:37","Situation":"flat","Value":0.00000000},{"TimeFrom":"2019-03-26T10:22:27","TimeTo":"2019-03-26T10:27:31","Situation":"flat","Value":0.00000000},{"TimeFrom":"2019-03-26T10:22:37","TimeTo":"2019-03-26T10:27:41","Situation":"flat","Value":0.00000000},{"TimeFrom":"2019-03-26T10:27:31","TimeTo":"2019-03-26T10:32:35","Situation":"flat","Value":0.00000000},{"TimeFrom":"2019-03-26T10:27:41","TimeTo":"2019-03-26T10:32:44","Situation":"flat","Value":0.00000000},{"TimeFrom":"2019-03-26T10:32:35","TimeTo":"2019-03-26T10:37:35","Situation":"flat","Value":0.00000000},{"TimeFrom":"2019-03-26T10:32:44","TimeTo":"2019-03-26T10:37:45","Situation":"flat","Value":0.00000000},{"TimeFrom":"2019-03-26T10:37:35","TimeTo":"2019-03-26T10:42:39","Situation":"flat","Value":0.00000000},{"TimeFrom":"2019-03-26T10:37:45","TimeTo":"2019-03-26T10:42:49","Situation":"flat","Value":0.00000000},{"TimeFrom":"2019-03-26T10:42:39","TimeTo":"2019-03-26T10:47:41","Situation":"flat","Value":0.00000000},{"TimeFrom":"2019-03-26T10:42:49","TimeTo":"2019-03-26T10:47:51","Situation":"flat","Value":0.00000000},{"TimeFrom":"2019-03-26T10:47:41","TimeTo":"2019-03-26T10:52:41","Situation":"flat","Value":0.00000000},{"TimeFrom":"2019-03-26T10:47:51","TimeTo":"2019-03-26T10:52:51","Situation":"flat","Value":0.00000000},{"TimeFrom":"2019-03-26T10:52:41","TimeTo":"2019-03-26T10:57:41","Situation":"flat","Value":0.00000000},{"TimeFrom":"2019-03-26T10:52:51","TimeTo":"2019-03-26T10:57:51","Situation":"flat","Value":0.00000000},{"TimeFrom":"2019-03-26T10:57:41","TimeTo":"2019-03-26T11:02:42","Situation":"flat","Value":0.00000000},{"TimeFrom":"2019-03-26T10:57:51","TimeTo":"2019-03-26T11:02:51","Situation":"flat","Value":0.00000000},{"TimeFrom":"2019-03-26T11:02:42","TimeTo":"2019-03-26T11:07:42","Situation":"flat","Value":0.00000000},{"TimeFrom":"2019-03-26T11:02:51","TimeTo":"2019-03-26T11:07:52","Situation":"flat","Value":0.00000000},{"TimeFrom":"2019-03-26T11:07:42","TimeTo":"2019-03-26T11:12:45","Situation":"flat","Value":0.00000000},{"TimeFrom":"2019-03-26T11:07:52","TimeTo":"2019-03-26T11:12:55","Situation":"flat","Value":0.00000000},{"TimeFrom":"2019-03-26T11:12:45","TimeTo":"2019-03-26T11:17:47","Situation":"flat","Value":0.00000000},{"TimeFrom":"2019-03-26T11:12:55","TimeTo":"2019-03-26T11:17:57","Situation":"flat","Value":0.00000000},{"TimeFrom":"2019-03-26T11:17:47","TimeTo":"2019-03-26T11:22:51","Situation":"flat","Value":-9515.98000000},{"TimeFrom":"2019-03-26T11:17:57","TimeTo":"2019-03-26T11:23:05","Situation":"flat","Value":-9515.98000000},{"TimeFrom":"2019-03-26T11:22:51","TimeTo":"2019-03-26T11:27:55","Situation":"flat","Value":0.00000000},{"TimeFrom":"2019-03-26T11:23:05","TimeTo":"2019-03-26T11:28:06","Situation":"flat","Value":0.00000000},{"TimeFrom":"2019-03-26T11:27:55","TimeTo":"2019-03-26T11:32:59","Situation":"flat","Value":0.00000000},{"TimeFrom":"2019-03-26T11:28:06","TimeTo":"2019-03-26T11:33:06","Situation":"flat","Value":0.00000000},{"TimeFrom":"2019-03-26T11:32:59","TimeTo":"2019-03-26T11:38:04","Situation":"flat","Value":0.00000000},{"TimeFrom":"2019-03-26T11:33:06","TimeTo":"2019-03-26T11:38:09","Situation":"flat","Value":0.00000000},{"TimeFrom":"2019-03-26T11:38:04","TimeTo":"2019-03-26T11:43:05","Situation":"flat","Value":0.00000000},{"TimeFrom":"2019-03-26T11:38:09","TimeTo":"2019-03-26T11:43:10","Situation":"flat","Value":0.00000000},{"TimeFrom":"2019-03-26T11:43:05","TimeTo":"2019-03-26T11:48:05","Situation":"flat","Value":0.00000000},{"TimeFrom":"2019-03-26T11:43:10","TimeTo":"2019-03-26T11:48:14","Situation":"flat","Value":0.00000000},{"TimeFrom":"2019-03-26T11:48:05","TimeTo":"2019-03-26T11:53:07","Situation":"flat","Value":0.00000000},{"TimeFrom":"2019-03-26T11:48:14","TimeTo":"2019-03-26T11:53:17","Situation":"flat","Value":0.00000000},{"TimeFrom":"2019-03-26T11:53:07","TimeTo":"2019-03-26T11:58:10","Situation":"flat","Value":0.00000000},{"TimeFrom":"2019-03-26T11:53:17","TimeTo":"2019-03-26T11:58:20","Situation":"flat","Value":0.00000000},{"TimeFrom":"2019-03-26T11:58:10","TimeTo":"2019-03-26T12:03:12","Situation":"flat","Value":0.00000000},{"TimeFrom":"2019-03-26T11:58:20","TimeTo":"2019-03-26T12:03:22","Situation":"flat","Value":0.00000000},{"TimeFrom":"2019-03-26T12:03:12","TimeTo":"2019-03-26T12:08:14","Situation":"flat","Value":0.00000000},{"TimeFrom":"2019-03-26T12:03:22","TimeTo":"2019-03-26T12:08:25","Situation":"flat","Value":0.00000000},{"TimeFrom":"2019-03-26T12:08:14","TimeTo":"2019-03-26T12:13:15","Situation":"flat","Value":0.00000000},{"TimeFrom":"2019-03-26T12:08:25","TimeTo":"2019-03-26T12:13:25","Situation":"flat","Value":0.00000000},{"TimeFrom":"2019-03-26T12:13:15","TimeTo":"2019-03-26T12:18:17","Situation":"flat","Value":4222.04000000},{"TimeFrom":"2019-03-26T12:13:25","TimeTo":"2019-03-26T12:18:26","Situation":"flat","Value":4222.04000000},{"TimeFrom":"2019-03-26T12:18:17","TimeTo":"2019-03-26T12:23:17","Situation":"flat","Value":0.00000000},{"TimeFrom":"2019-03-26T12:18:26","TimeTo":"2019-03-26T12:23:27","Situation":"flat","Value":-3394.83000000},{"TimeFrom":"2019-03-26T12:23:17","TimeTo":"2019-03-26T12:28:19","Situation":"flat","Value":-3394.83000000},{"TimeFrom":"2019-03-26T12:23:27","TimeTo":"2019-03-26T12:28:29","Situation":"flat","Value":0.00000000},{"TimeFrom":"2019-03-26T12:28:19","TimeTo":"2019-03-26T12:33:20","Situation":"flat","Value":0.00000000},{"TimeFrom":"2019-03-26T12:28:29","TimeTo":"2019-03-26T12:33:30","Situation":"flat","Value":0.00000000},{"TimeFrom":"2019-03-26T12:33:20","TimeTo":"2019-03-26T12:38:22","Situation":"flat","Value":0.00000000},{"TimeFrom":"2019-03-26T12:33:30","TimeTo":"2019-03-26T12:38:32","Situation":"flat","Value":0.00000000},{"TimeFrom":"2019-03-26T12:38:22","TimeTo":"2019-03-26T12:43:25","Situation":"flat","Value":0.00000000},{"TimeFrom":"2019-03-26T12:38:32","TimeTo":"2019-03-26T12:43:35","Situation":"flat","Value":0.00000000},{"TimeFrom":"2019-03-26T12:43:25","TimeTo":"2019-03-26T12:48:26","Situation":"flat","Value":10918.43000000},{"TimeFrom":"2019-03-26T12:43:35","TimeTo":"2019-03-26T12:48:36","Situation":"flat","Value":10918.43000000},{"TimeFrom":"2019-03-26T12:48:26","TimeTo":"2019-03-26T12:53:30","Situation":"flat","Value":-3562.25000000},{"TimeFrom":"2019-03-26T12:48:36","TimeTo":"2019-03-26T12:53:40","Situation":"flat","Value":-3562.25000000},{"TimeFrom":"2019-03-26T12:53:30","TimeTo":"2019-03-26T12:57:44","Situation":"trend","Value":0.00000000},{"TimeFrom":"2019-03-26T12:53:40","TimeTo":"2019-03-26T12:57:44","Situation":"trend","Value":0.00000000},{"TimeFrom":"2019-03-26T12:57:44","TimeTo":"2019-03-26T13:02:44","Situation":"flat","Value":0.00000000},{"TimeFrom":"2019-03-26T12:57:44","TimeTo":"2019-03-26T13:02:44","Situation":"flat","Value":0.00000000},{"TimeFrom":"2019-03-26T13:02:44","TimeTo":"2019-03-26T13:07:46","Situation":"flat","Value":0.00000000},{"TimeFrom":"2019-03-26T13:02:44","TimeTo":"2019-03-26T13:07:46","Situation":"flat","Value":0.00000000},{"TimeFrom":"2019-03-26T13:07:46","TimeTo":"2019-03-26T13:12:49","Situation":"flat","Value":0.00000000},{"TimeFrom":"2019-03-26T13:07:46","TimeTo":"2019-03-26T13:12:49","Situation":"flat","Value":0.00000000},{"TimeFrom":"2019-03-26T13:12:49","TimeTo":"2019-03-26T13:17:53","Situation":"flat","Value":0.00000000},{"TimeFrom":"2019-03-26T13:12:49","TimeTo":"2019-03-26T13:17:53","Situation":"flat","Value":0.00000000},{"TimeFrom":"2019-03-26T13:17:53","TimeTo":"2019-03-26T13:22:54","Situation":"flat","Value":0.00000000},{"TimeFrom":"2019-03-26T13:17:53","TimeTo":"2019-03-26T13:22:57","Situation":"flat","Value":0.00000000},{"TimeFrom":"2019-03-26T13:22:54","TimeTo":"2019-03-26T13:27:56","Situation":"flat","Value":0.00000000},{"TimeFrom":"2019-03-26T13:22:57","TimeTo":"2019-03-26T13:27:59","Situation":"flat","Value":0.00000000},{"TimeFrom":"2019-03-26T13:27:56","TimeTo":"2019-03-26T13:33:00","Situation":"flat","Value":0.00000000},{"TimeFrom":"2019-03-26T13:27:59","TimeTo":"2019-03-26T13:33:00","Situation":"flat","Value":0.00000000},{"TimeFrom":"2019-03-26T13:33:00","TimeTo":"2019-03-26T13:38:00","Situation":"flat","Value":0.00000000},{"TimeFrom":"2019-03-26T13:33:00","TimeTo":"2019-03-26T13:38:00","Situation":"flat","Value":0.00000000},{"TimeFrom":"2019-03-26T13:38:00","TimeTo":"2019-03-26T13:43:04","Situation":"flat","Value":0.00000000},{"TimeFrom":"2019-03-26T13:38:00","TimeTo":"2019-03-26T13:43:04","Situation":"flat","Value":0.00000000},{"TimeFrom":"2019-03-26T13:43:04","TimeTo":"2019-03-26T13:48:04","Situation":"flat","Value":0.00000000},{"TimeFrom":"2019-03-26T13:43:04","TimeTo":"2019-03-26T13:48:04","Situation":"flat","Value":0.00000000},{"TimeFrom":"2019-03-26T13:48:04","TimeTo":"2019-03-26T13:53:07","Situation":"flat","Value":0.00000000},{"TimeFrom":"2019-03-26T13:48:04","TimeTo":"2019-03-26T13:53:07","Situation":"flat","Value":0.00000000},{"TimeFrom":"2019-03-26T13:53:07","TimeTo":"2019-03-26T13:58:11","Situation":"flat","Value":0.00000000},{"TimeFrom":"2019-03-26T13:53:07","TimeTo":"2019-03-26T13:58:11","Situation":"flat","Value":0.00000000},{"TimeFrom":"2019-03-26T13:58:11","TimeTo":"2019-03-26T14:03:11","Situation":"flat","Value":0.00000000},{"TimeFrom":"2019-03-26T13:58:11","TimeTo":"2019-03-26T14:03:15","Situation":"flat","Value":0.00000000},{"TimeFrom":"2019-03-26T14:03:11","TimeTo":"2019-03-26T14:08:14","Situation":"flat","Value":867.46000000},{"TimeFrom":"2019-03-26T14:03:15","TimeTo":"2019-03-26T14:08:19","Situation":"flat","Value":867.46000000},{"TimeFrom":"2019-03-26T14:08:14","TimeTo":"2019-03-26T14:13:15","Situation":"flat","Value":0.00000000},{"TimeFrom":"2019-03-26T14:08:19","TimeTo":"2019-03-26T14:13:20","Situation":"flat","Value":0.00000000},{"TimeFrom":"2019-03-26T14:13:15","TimeTo":"2019-03-26T14:18:19","Situation":"flat","Value":0.00000000},{"TimeFrom":"2019-03-26T14:13:20","TimeTo":"2019-03-26T14:18:24","Situation":"flat","Value":0.00000000},{"TimeFrom":"2019-03-26T14:18:19","TimeTo":"2019-03-26T14:23:22","Situation":"flat","Value":0.00000000},{"TimeFrom":"2019-03-26T14:18:24","TimeTo":"2019-03-26T14:23:27","Situation":"flat","Value":0.00000000},{"TimeFrom":"2019-03-26T14:23:22","TimeTo":"2019-03-26T14:28:24","Situation":"flat","Value":0.00000000},{"TimeFrom":"2019-03-26T14:23:27","TimeTo":"2019-03-26T14:28:29","Situation":"flat","Value":0.00000000},{"TimeFrom":"2019-03-26T14:28:24","TimeTo":"2019-03-26T14:33:24","Situation":"flat","Value":0.00000000},{"TimeFrom":"2019-03-26T14:28:29","TimeTo":"2019-03-26T14:33:29","Situation":"flat","Value":0.00000000},{"TimeFrom":"2019-03-26T14:33:24","TimeTo":"2019-03-26T14:38:26","Situation":"flat","Value":-3158.30000000},{"TimeFrom":"2019-03-26T14:33:29","TimeTo":"2019-03-26T14:38:31","Situation":"flat","Value":-3158.30000000},{"TimeFrom":"2019-03-26T14:38:26","TimeTo":"2019-03-26T14:43:26","Situation":"flat","Value":0.00000000},{"TimeFrom":"2019-03-26T14:38:31","TimeTo":"2019-03-26T14:43:35","Situation":"flat","Value":0.00000000},{"TimeFrom":"2019-03-26T14:43:26","TimeTo":"2019-03-26T14:48:30","Situation":"flat","Value":0.00000000},{"TimeFrom":"2019-03-26T14:43:35","TimeTo":"2019-03-26T14:48:35","Situation":"flat","Value":0.00000000},{"TimeFrom":"2019-03-26T14:48:30","TimeTo":"2019-03-26T14:53:34","Situation":"flat","Value":0.00000000},{"TimeFrom":"2019-03-26T14:48:35","TimeTo":"2019-03-26T14:53:38","Situation":"flat","Value":0.00000000},{"TimeFrom":"2019-03-26T14:53:34","TimeTo":"2019-03-26T14:58:34","Situation":"flat","Value":0.00000000},{"TimeFrom":"2019-03-26T14:53:38","TimeTo":"2019-03-26T14:58:39","Situation":"flat","Value":0.00000000},{"TimeFrom":"2019-03-26T14:58:34","TimeTo":"2019-03-26T15:03:37","Situation":"flat","Value":0.00000000},{"TimeFrom":"2019-03-26T14:58:39","TimeTo":"2019-03-26T15:03:42","Situation":"flat","Value":0.00000000},{"TimeFrom":"2019-03-26T15:03:37","TimeTo":"2019-03-26T15:08:41","Situation":"flat","Value":0.00000000},{"TimeFrom":"2019-03-26T15:03:42","TimeTo":"2019-03-26T15:08:46","Situation":"flat","Value":0.00000000},{"TimeFrom":"2019-03-26T15:08:41","TimeTo":"2019-03-26T15:13:45","Situation":"flat","Value":0.00000000},{"TimeFrom":"2019-03-26T15:08:46","TimeTo":"2019-03-26T15:13:50","Situation":"flat","Value":0.00000000},{"TimeFrom":"2019-03-26T15:13:45","TimeTo":"2019-03-26T15:18:45","Situation":"flat","Value":0.00000000},{"TimeFrom":"2019-03-26T15:13:50","TimeTo":"2019-03-26T15:18:50","Situation":"flat","Value":0.00000000},{"TimeFrom":"2019-03-26T15:18:45","TimeTo":"2019-03-26T15:23:45","Situation":"flat","Value":0.00000000},{"TimeFrom":"2019-03-26T15:18:50","TimeTo":"2019-03-26T15:23:50","Situation":"flat","Value":0.00000000},{"TimeFrom":"2019-03-26T15:23:45","TimeTo":"2019-03-26T15:28:46","Situation":"flat","Value":0.00000000},{"TimeFrom":"2019-03-26T15:23:50","TimeTo":"2019-03-26T15:28:51","Situation":"flat","Value":0.00000000},{"TimeFrom":"2019-03-26T15:28:46","TimeTo":"2019-03-26T15:33:47","Situation":"flat","Value":0.00000000},{"TimeFrom":"2019-03-26T15:28:51","TimeTo":"2019-03-26T15:33:52","Situation":"flat","Value":0.00000000},{"TimeFrom":"2019-03-26T15:33:47","TimeTo":"2019-03-26T15:38:51","Situation":"flat","Value":0.00000000},{"TimeFrom":"2019-03-26T15:33:52","TimeTo":"2019-03-26T15:38:56","Situation":"flat","Value":0.00000000},{"TimeFrom":"2019-03-26T15:38:51","TimeTo":"2019-03-26T15:43:55","Situation":"flat","Value":0.00000000},{"TimeFrom":"2019-03-26T15:38:56","TimeTo":"2019-03-26T15:43:56","Situation":"flat","Value":0.00000000},{"TimeFrom":"2019-03-26T15:43:55","TimeTo":"2019-03-26T15:48:58","Situation":"flat","Value":0.00000000},{"TimeFrom":"2019-03-26T15:43:56","TimeTo":"2019-03-26T15:48:58","Situation":"flat","Value":0.00000000},{"TimeFrom":"2019-03-26T15:48:58","TimeTo":"2019-03-26T15:54:05","Situation":"flat","Value":9059.11000000},{"TimeFrom":"2019-03-26T15:48:58","TimeTo":"2019-03-26T15:54:06","Situation":"flat","Value":9059.11000000},{"TimeFrom":"2019-03-26T15:54:05","TimeTo":"2019-03-26T15:59:06","Situation":"flat","Value":0.00000000},{"TimeFrom":"2019-03-26T15:54:06","TimeTo":"2019-03-26T15:59:06","Situation":"flat","Value":0.00000000},{"TimeFrom":"2019-03-26T15:59:06","TimeTo":"2019-03-26T16:04:08","Situation":"flat","Value":0.00000000},{"TimeFrom":"2019-03-26T15:59:06","TimeTo":"2019-03-26T16:04:09","Situation":"flat","Value":0.00000000},{"TimeFrom":"2019-03-26T16:04:08","TimeTo":"2019-03-26T16:09:09","Situation":"flat","Value":0.00000000},{"TimeFrom":"2019-03-26T16:04:09","TimeTo":"2019-03-26T16:09:10","Situation":"flat","Value":0.00000000},{"TimeFrom":"2019-03-26T16:09:09","TimeTo":"2019-03-26T16:14:09","Situation":"flat","Value":0.00000000},{"TimeFrom":"2019-03-26T16:09:10","TimeTo":"2019-03-26T16:14:14","Situation":"flat","Value":0.00000000},{"TimeFrom":"2019-03-26T16:14:09","TimeTo":"2019-03-26T16:19:13","Situation":"flat","Value":0.00000000},{"TimeFrom":"2019-03-26T16:14:14","TimeTo":"2019-03-26T16:19:18","Situation":"flat","Value":0.00000000},{"TimeFrom":"2019-03-26T16:19:13","TimeTo":"2019-03-26T16:24:15","Situation":"flat","Value":0.00000000},{"TimeFrom":"2019-03-26T16:19:18","TimeTo":"2019-03-26T16:24:20","Situation":"flat","Value":0.00000000},{"TimeFrom":"2019-03-26T16:24:15","TimeTo":"2019-03-26T16:29:16","Situation":"flat","Value":0.00000000},{"TimeFrom":"2019-03-26T16:24:20","TimeTo":"2019-03-26T16:29:20","Situation":"flat","Value":0.00000000},{"TimeFrom":"2019-03-26T16:29:16","TimeTo":"2019-03-26T16:34:16","Situation":"flat","Value":0.00000000},{"TimeFrom":"2019-03-26T16:29:20","TimeTo":"2019-03-26T16:34:21","Situation":"flat","Value":0.00000000},{"TimeFrom":"2019-03-26T16:34:16","TimeTo":"2019-03-26T16:39:20","Situation":"flat","Value":0.00000000},{"TimeFrom":"2019-03-26T16:34:21","TimeTo":"2019-03-26T16:39:25","Situation":"flat","Value":0.00000000},{"TimeFrom":"2019-03-26T16:39:20","TimeTo":"2019-03-26T16:44:23","Situation":"flat","Value":0.00000000},{"TimeFrom":"2019-03-26T16:39:25","TimeTo":"2019-03-26T16:44:25","Situation":"flat","Value":0.00000000},{"TimeFrom":"2019-03-26T16:44:23","TimeTo":"2019-03-26T16:49:26","Situation":"flat","Value":0.00000000},{"TimeFrom":"2019-03-26T16:44:25","TimeTo":"2019-03-26T16:49:26","Situation":"flat","Value":0.00000000},{"TimeFrom":"2019-03-26T16:49:26","TimeTo":"2019-03-26T16:54:29","Situation":"flat","Value":0.00000000},{"TimeFrom":"2019-03-26T16:49:26","TimeTo":"2019-03-26T16:54:29","Situation":"flat","Value":0.00000000},{"TimeFrom":"2019-03-26T16:54:29","TimeTo":"2019-03-26T16:59:31","Situation":"flat","Value":0.00000000},{"TimeFrom":"2019-03-26T16:54:29","TimeTo":"2019-03-26T16:59:32","Situation":"flat","Value":0.00000000},{"TimeFrom":"2019-03-26T16:59:31","TimeTo":"2019-03-26T17:04:31","Situation":"flat","Value":0.00000000},{"TimeFrom":"2019-03-26T16:59:32","TimeTo":"2019-03-26T17:04:36","Situation":"flat","Value":0.00000000},{"TimeFrom":"2019-03-26T17:04:31","TimeTo":"2019-03-26T17:09:34","Situation":"flat","Value":0.00000000},{"TimeFrom":"2019-03-26T17:04:36","TimeTo":"2019-03-26T17:09:39","Situation":"flat","Value":0.00000000},{"TimeFrom":"2019-03-26T17:09:34","TimeTo":"2019-03-26T17:14:35","Situation":"flat","Value":0.00000000},{"TimeFrom":"2019-03-26T17:09:39","TimeTo":"2019-03-26T17:14:43","Situation":"flat","Value":0.00000000},{"TimeFrom":"2019-03-26T17:14:35","TimeTo":"2019-03-26T17:19:35","Situation":"flat","Value":0.00000000},{"TimeFrom":"2019-03-26T17:14:43","TimeTo":"2019-03-26T17:19:45","Situation":"flat","Value":0.00000000},{"TimeFrom":"2019-03-26T17:19:35","TimeTo":"2019-03-26T17:24:39","Situation":"flat","Value":0.00000000},{"TimeFrom":"2019-03-26T17:19:45","TimeTo":"2019-03-26T17:24:49","Situation":"flat","Value":0.00000000},{"TimeFrom":"2019-03-26T17:24:39","TimeTo":"2019-03-26T17:29:40","Situation":"flat","Value":0.00000000},{"TimeFrom":"2019-03-26T17:24:49","TimeTo":"2019-03-26T17:29:49","Situation":"flat","Value":0.00000000},{"TimeFrom":"2019-03-26T17:29:40","TimeTo":"2019-03-26T17:34:44","Situation":"flat","Value":0.00000000},{"TimeFrom":"2019-03-26T17:29:49","TimeTo":"2019-03-26T17:34:50","Situation":"flat","Value":0.00000000},{"TimeFrom":"2019-03-26T17:34:44","TimeTo":"2019-03-26T17:39:44","Situation":"flat","Value":0.00000000},{"TimeFrom":"2019-03-26T17:34:50","TimeTo":"2019-03-26T17:39:50","Situation":"flat","Value":0.00000000},{"TimeFrom":"2019-03-26T17:39:44","TimeTo":"2019-03-26T17:44:44","Situation":"flat","Value":0.00000000},{"TimeFrom":"2019-03-26T17:39:50","TimeTo":"2019-03-26T17:44:54","Situation":"flat","Value":0.00000000},{"TimeFrom":"2019-03-26T17:44:44","TimeTo":"2019-03-26T17:49:46","Situation":"flat","Value":0.00000000},{"TimeFrom":"2019-03-26T17:44:54","TimeTo":"2019-03-26T17:49:58","Situation":"flat","Value":0.00000000},{"TimeFrom":"2019-03-26T17:49:46","TimeTo":"2019-03-26T17:54:49","Situation":"flat","Value":0.00000000},{"TimeFrom":"2019-03-26T17:49:58","TimeTo":"2019-03-26T17:55:00","Situation":"flat","Value":0.00000000},{"TimeFrom":"2019-03-26T17:54:49","TimeTo":"2019-03-26T17:59:50","Situation":"flat","Value":0.00000000},{"TimeFrom":"2019-03-26T17:55:00","TimeTo":"2019-03-26T18:00:00","Situation":"flat","Value":0.00000000},{"TimeFrom":"2019-03-26T17:59:50","TimeTo":"2019-03-26T18:04:53","Situation":"flat","Value":0.00000000},{"TimeFrom":"2019-03-26T18:00:00","TimeTo":"2019-03-26T18:05:06","Situation":"flat","Value":0.00000000},{"TimeFrom":"2019-03-26T18:04:53","TimeTo":"2019-03-26T18:09:56","Situation":"flat","Value":0.00000000},{"TimeFrom":"2019-03-26T18:05:06","TimeTo":"2019-03-26T18:10:06","Situation":"flat","Value":0.00000000},{"TimeFrom":"2019-03-26T18:09:56","TimeTo":"2019-03-26T18:14:56","Situation":"flat","Value":0.00000000},{"TimeFrom":"2019-03-26T18:10:06","TimeTo":"2019-03-26T18:15:09","Situation":"flat","Value":0.00000000},{"TimeFrom":"2019-03-26T18:14:56","TimeTo":"2019-03-26T18:19:58","Situation":"flat","Value":0.00000000},{"TimeFrom":"2019-03-26T18:15:09","TimeTo":"2019-03-26T18:20:10","Situation":"flat","Value":0.00000000},{"TimeFrom":"2019-03-26T18:19:58","TimeTo":"2019-03-26T18:25:00","Situation":"flat","Value":0.00000000},{"TimeFrom":"2019-03-26T18:20:10","TimeTo":"2019-03-26T18:25:11","Situation":"flat","Value":0.00000000},{"TimeFrom":"2019-03-26T18:25:00","TimeTo":"2019-03-26T18:30:04","Situation":"flat","Value":0.00000000},{"TimeFrom":"2019-03-26T18:25:11","TimeTo":"2019-03-26T18:30:15","Situation":"flat","Value":0.00000000},{"TimeFrom":"2019-03-26T18:30:04","TimeTo":"2019-03-26T18:35:08","Situation":"flat","Value":0.00000000},{"TimeFrom":"2019-03-26T18:30:15","TimeTo":"2019-03-26T18:35:17","Situation":"flat","Value":0.00000000},{"TimeFrom":"2019-03-26T18:35:08","TimeTo":"2019-03-26T18:40:12","Situation":"flat","Value":0.00000000},{"TimeFrom":"2019-03-26T18:35:17","TimeTo":"2019-03-26T18:40:17","Situation":"flat","Value":0.00000000},{"TimeFrom":"2019-03-26T18:40:12","TimeTo":"2019-03-26T18:45:12","Situation":"flat","Value":0.00000000},{"TimeFrom":"2019-03-26T18:40:17","TimeTo":"2019-03-26T18:45:17","Situation":"flat","Value":0.00000000},{"TimeFrom":"2019-03-26T18:45:12","TimeTo":"2019-03-26T18:50:15","Situation":"flat","Value":0.00000000},{"TimeFrom":"2019-03-26T18:45:17","TimeTo":"2019-03-26T18:50:21","Situation":"flat","Value":0.00000000},{"TimeFrom":"2019-03-26T18:50:15","TimeTo":"2019-03-26T18:55:16","Situation":"flat","Value":0.00000000},{"TimeFrom":"2019-03-26T18:50:21","TimeTo":"2019-03-26T18:55:21","Situation":"flat","Value":0.00000000},{"TimeFrom":"2019-03-26T18:55:16","TimeTo":"2019-03-26T19:00:16","Situation":"flat","Value":0.00000000},{"TimeFrom":"2019-03-26T18:55:21","TimeTo":"2019-03-26T19:00:21","Situation":"flat","Value":0.00000000},{"TimeFrom":"2019-03-26T19:00:16","TimeTo":"2019-03-26T19:05:16","Situation":"flat","Value":-5811.58000000},{"TimeFrom":"2019-03-26T19:00:21","TimeTo":"2019-03-26T19:05:21","Situation":"flat","Value":-5811.58000000},{"TimeFrom":"2019-03-26T19:05:16","TimeTo":"2019-03-26T19:10:20","Situation":"flat","Value":0.00000000},{"TimeFrom":"2019-03-26T19:05:21","TimeTo":"2019-03-26T19:10:24","Situation":"flat","Value":0.00000000},{"TimeFrom":"2019-03-26T19:10:20","TimeTo":"2019-03-26T19:15:21","Situation":"flat","Value":0.00000000},{"TimeFrom":"2019-03-26T19:10:24","TimeTo":"2019-03-26T19:15:26","Situation":"flat","Value":0.00000000},{"TimeFrom":"2019-03-26T19:15:21","TimeTo":"2019-03-26T19:20:25","Situation":"flat","Value":0.00000000},{"TimeFrom":"2019-03-26T19:15:26","TimeTo":"2019-03-26T19:20:30","Situation":"flat","Value":0.00000000},{"TimeFrom":"2019-03-26T19:20:25","TimeTo":"2019-03-26T19:25:25","Situation":"flat","Value":0.00000000},{"TimeFrom":"2019-03-26T19:20:30","TimeTo":"2019-03-26T19:25:31","Situation":"flat","Value":0.00000000},{"TimeFrom":"2019-03-26T19:25:25","TimeTo":"2019-03-26T19:30:25","Situation":"flat","Value":0.00000000},{"TimeFrom":"2019-03-26T19:25:31","TimeTo":"2019-03-26T19:30:35","Situation":"flat","Value":0.00000000},{"TimeFrom":"2019-03-26T19:30:25","TimeTo":"2019-03-26T19:35:26","Situation":"flat","Value":0.00000000},{"TimeFrom":"2019-03-26T19:30:35","TimeTo":"2019-03-26T19:35:36","Situation":"flat","Value":0.00000000},{"TimeFrom":"2019-03-26T19:35:26","TimeTo":"2019-03-26T19:40:26","Situation":"flat","Value":0.00000000},{"TimeFrom":"2019-03-26T19:35:36","TimeTo":"2019-03-26T19:40:36","Situation":"flat","Value":0.00000000},{"TimeFrom":"2019-03-26T19:40:26","TimeTo":"2019-03-26T19:45:29","Situation":"flat","Value":0.00000000},{"TimeFrom":"2019-03-26T19:40:36","TimeTo":"2019-03-26T19:45:39","Situation":"flat","Value":0.00000000},{"TimeFrom":"2019-03-26T19:45:29","TimeTo":"2019-03-26T19:50:30","Situation":"flat","Value":0.00000000},{"TimeFrom":"2019-03-26T19:45:39","TimeTo":"2019-03-26T19:50:40","Situation":"flat","Value":0.00000000},{"TimeFrom":"2019-03-26T19:50:30","TimeTo":"2019-03-26T19:55:34","Situation":"flat","Value":0.00000000},{"TimeFrom":"2019-03-26T19:50:40","TimeTo":"2019-03-26T19:55:40","Situation":"flat","Value":0.00000000},{"TimeFrom":"2019-03-26T19:55:34","TimeTo":"2019-03-26T20:00:36","Situation":"flat","Value":0.00000000},{"TimeFrom":"2019-03-26T19:55:40","TimeTo":"2019-03-26T20:00:41","Situation":"flat","Value":0.00000000},{"TimeFrom":"2019-03-26T20:00:36","TimeTo":"2019-03-26T20:05:37","Situation":"flat","Value":0.00000000},{"TimeFrom":"2019-03-26T20:00:41","TimeTo":"2019-03-26T20:05:42","Situation":"flat","Value":0.00000000},{"TimeFrom":"2019-03-26T20:05:37","TimeTo":"2019-03-26T20:10:37","Situation":"flat","Value":0.00000000},{"TimeFrom":"2019-03-26T20:05:42","TimeTo":"2019-03-26T20:10:42","Situation":"flat","Value":0.00000000},{"TimeFrom":"2019-03-26T20:10:37","TimeTo":"2019-03-26T20:15:39","Situation":"flat","Value":0.00000000},{"TimeFrom":"2019-03-26T20:10:42","TimeTo":"2019-03-26T20:15:44","Situation":"flat","Value":0.00000000},{"TimeFrom":"2019-03-26T20:15:39","TimeTo":"2019-03-26T20:20:40","Situation":"flat","Value":0.00000000},{"TimeFrom":"2019-03-26T20:15:44","TimeTo":"2019-03-26T20:20:45","Situation":"flat","Value":0.00000000},{"TimeFrom":"2019-03-26T20:20:40","TimeTo":"2019-03-26T20:25:44","Situation":"flat","Value":0.00000000},{"TimeFrom":"2019-03-26T20:20:45","TimeTo":"2019-03-26T20:25:45","Situation":"flat","Value":0.00000000},{"TimeFrom":"2019-03-26T20:25:44","TimeTo":"2019-03-26T20:30:47","Situation":"flat","Value":0.00000000},{"TimeFrom":"2019-03-26T20:25:45","TimeTo":"2019-03-26T20:30:47","Situation":"flat","Value":0.00000000},{"TimeFrom":"2019-03-26T20:30:47","TimeTo":"2019-03-26T20:35:50","Situation":"flat","Value":0.00000000},{"TimeFrom":"2019-03-26T20:30:47","TimeTo":"2019-03-26T20:35:51","Situation":"flat","Value":0.00000000},{"TimeFrom":"2019-03-26T20:35:50","TimeTo":"2019-03-26T20:40:51","Situation":"flat","Value":0.00000000},{"TimeFrom":"2019-03-26T20:35:51","TimeTo":"2019-03-26T20:40:55","Situation":"flat","Value":0.00000000},{"TimeFrom":"2019-03-26T20:40:51","TimeTo":"2019-03-26T20:45:51","Situation":"flat","Value":0.00000000},{"TimeFrom":"2019-03-26T20:40:55","TimeTo":"2019-03-26T20:45:56","Situation":"flat","Value":0.00000000},{"TimeFrom":"2019-03-26T20:45:51","TimeTo":"2019-03-26T20:50:54","Situation":"flat","Value":0.00000000},{"TimeFrom":"2019-03-26T20:45:56","TimeTo":"2019-03-26T20:50:59","Situation":"flat","Value":0.00000000},{"TimeFrom":"2019-03-26T20:50:54","TimeTo":"2019-03-26T20:55:56","Situation":"flat","Value":0.00000000},{"TimeFrom":"2019-03-26T20:50:59","TimeTo":"2019-03-26T20:56:04","Situation":"flat","Value":0.00000000}]}
