{"OrderBookAsks":[{"Time":"2019-03-26T06:04:39","Situation":"flat","Type":"ask","Price":16.41280000,"Amount":9493.93000000,"Done":false},{"Time":"2019-03-26T06:04:44","Situation":"flat","Type":"ask","Price":16.41280000,"Amount":9493.93000000,"Done":false},{"Time":"2019-03-26T06:09:41","Situation":"flat","Type":"ask","Price":16.41280000,"Amount":9047.20000000,"Done":false},{"Time":"2019-03-26T06:09:45","Situation":"flat","Type":"ask","Price":16.41280000,"Amount":9047.20000000,"Done":false},{"Time":"2019-03-26T06:14:41","Situation":"flat","Type":"ask","Price":16.41280000,"Amount":9023.20000000,"Done":false},{"Time":"2019-03-26T06:14:46","Situation":"flat","Type":"ask","Price":16.41280000,"Amount":9023.20000000,"Done":false},{"Time":"2019-03-26T06:19:42","Situation":"flat","Type":"ask","Price":16.41280000,"Amount":9023.20000000,"Done":false},{"Time":"2019-03-26T06:19:47","Situation":"flat","Type":"ask","Price":16.41280000,"Amount":9023.20000000,"Done":false},{"Time":"2019-03-26T06:24:45","Situation":"flat","Type":"ask","Price":16.41280000,"Amount":9023.20000000,"Done":false},{"Time":"2019-03-26T06:24:50","Situation":"flat","Type":"ask","Price":16.41280000,"Amount":9023.20000000,"Done":false},{"Time":"2019-03-26T06:29:45","Situation":"flat","Type":"ask","Price":16.41280000,"Amount":9023.20000000,"Done":false},{"Time":"2019-03-26T06:29:50","Situation":"flat","Type":"ask","Price":16.41280000,"Amount":9023.20000000,"Done":false},{"Time":"2019-03-26T06:34:46","Situation":"flat","Type":"ask","Price":16.41280000,"Amount":9023.20000000,"Done":false},{"Time":"2019-03-26T06:34:51","Situation":"flat","Type":"ask","Price":16.41280000,"Amount":9023.20000000,"Done":false},{"Time":"2019-03-26T06:39:49","Situation":"flat","Type":"ask","Price":16.41280000,"Amount":9023.20000000,"Done":false},{"Time":"2019-03-26T06:39:54","Situation":"flat","Type":"ask","Price":16.41280000,"Amount":9023.20000000,"Done":false},{"Time":"2019-03-26T06:44:50","Situation":"flat","Type":"ask","Price":16.41280000,"Amount":9023.20000000,"Done":false},{"Time":"2019-03-26T06:44:55","Situation":"flat","Type":"ask","Price":16.41280000,"Amount":9023.20000000,"Done":false},{"Time":"2019-03-26T06:49:51","Situation":"flat","Type":"ask","Price":16.41280000,"Amount":9023.20000000,"Done":false},{"Time":"2019-03-26T06:49:56","Situation":"flat","Type":"ask","Price":16.41280000,"Amount":9023.20000000,"Done":false},{"Time":"2019-03-26T06:54:54","Situation":"flat","Type":"ask","Price":16.41280000,"Amount":9023.20000000,"Done":false},{"Time":"2019-03-26T06:54:59","Situation":"flat","Type":"ask","Price":16.41280000,"Amount":9023.20000000,"Done":false},{"Time":"2019-03-26T06:59:55","Situation":"flat","Type":"ask","Price":16.41280000,"Amount":9023.20000000,"Done":false},{"Time":"2019-03-26T07:00:00","Situation":"flat","Type":"ask","Price":16.41280000,"Amount":9023.20000000,"Done":false},{"Time":"2019-03-26T07:04:56","Situation":"flat","Type":"ask","Price":16.41280000,"Amount":9023.20000000,"Done":false},{"Time":"2019-03-26T07:05:01","Situation":"flat","Type":"ask","Price":16.41280000,"Amount":9023.20000000,"Done":false},{"Time":"2019-03-26T07:09:59","Situation":"flat","Type":"ask","Price":16.41280000,"Amount":9023.20000000,"Done":false},{"Time":"2019-03-26T07:10:06","Situation":"flat","Type":"ask","Price":16.41280000,"Amount":9023.20000000,"Done":false},{"Time":"2019-03-26T07:15:00","Situation":"flat","Type":"ask","Price":16.41280000,"Amount":9023.20000000,"Done":false},{"Time":"2019-03-26T07:15:06","Situation":"flat","Type":"ask","Price":16.41280000,"Amount":9023.20000000,"Done":false},{"Time":"2019-03-26T07:20:06","Situation":"flat","Type":"ask","Price":16.41280000,"Amount":9023.20000000,"Done":false},{"Time":"2019-03-26T07:20:06","Situation":"flat","Type":"ask","Price":16.41280000,"Amount":9023.20000000,"Done":false},{"Time":"2019-03-26T07:25:10","Situation":"flat","Type":"ask","Price":16.41280000,"Amount":9023.20000000,"Done":false},{"Time":"2019-03-26T07:25:10","Situation":"flat","Type":"ask","Price":16.41280000,"Amount":9023.20000000,"Done":false},{"Time":"2019-03-26T07:28:31","Situation":"trend","Type":"ask","Price":16.41280000,"Amount":9023.20000000,"Done":false},{"Time":"2019-03-26T07:28:35","Situation":"trend","Type":"ask","Price":16.41280000,"Amount":9023.20000000,"Done":false},{"Time":"2019-03-26T08:14:56","Situation":"trend","Type":"ask","Price":16.41280000,"Amount":9023.20000000,"Done":false},{"Time":"2019-03-26T08:14:56","Situation":"trend","Type":"ask","Price":16.41280000,"Amount":9023.20000000,"Done":false},{"Time":"2019-03-26T08:19:56","Situation":"flat","Type":"ask","Price":16.41280000,"Amount":9023.20000000,"Done":false},{"Time":"2019-03-26T08:20:00","Situation":"flat","Type":"ask","Price":16.41280000,"Amount":9023.20000000,"Done":false},{"Time":"2019-03-26T08:24:59","Situation":"flat","Type":"ask","Price":16.41280000,"Amount":9023.20000000,"Done":false},{"Time":"2019-03-26T08:25:05","Situation":"flat","Type":"ask","Price":16.41280000,"Amount":9023.20000000,"Done":false},{"Time":"2019-03-26T08:30:04","Situation":"flat","Type":"ask","Price":16.41280000,"Amount":9023.20000000,"Done":false},{"Time":"2019-03-26T08:30:09","Situation":"flat","Type":"ask","Price":16.41280000,"Amount":9023.20000000,"Done":false},{"Time":"2019-03-26T08:35:06","Situation":"flat","Type":"ask","Price":16.41280000,"Amount":9023.20000000,"Done":false},{"Time":"2019-03-26T08:35:11","Situation":"flat","Type":"ask","Price":16.41280000,"Amount":9023.20000000,"Done":false},{"Time":"2019-03-26T08:40:10","Situation":"flat","Type":"ask","Price":16.41280000,"Amount":9023.20000000,"Done":false},{"Time":"2019-03-26T08:40:15","Situation":"flat","Type":"ask","Price":16.41280000,"Amount":9023.20000000,"Done":false},{"Time":"2019-03-26T08:45:10","Situation":"flat","Type":"ask","Price":16.41280000,"Amount":9023.20000000,"Done":false},{"Time":"2019-03-26T08:45:19","Situation":"flat","Type":"ask","Price":16.41280000,"Amount":9023.20000000,"Done":false},{"Time":"2019-03-26T08:50:10","Situation":"flat","Type":"ask","Price":16.41280000,"Amount":9023.20000000,"Done":false},{"Time":"2019-03-26T08:50:19","Situation":"flat","Type":"ask","Price":16.41280000,"Amount":9023.20000000,"Done":false},{"Time":"2019-03-26T08:55:11","Situation":"flat","Type":"ask","Price":16.41280000,"Amount":9023.20000000,"Done":false},{"Time":"2019-03-26T08:55:21","Situation":"flat","Type":"ask","Price":16.41280000,"Amount":9023.20000000,"Done":false},{"Time":"2019-03-26T09:00:12","Situation":"flat","Type":"ask","Price":16.41280000,"Amount":9023.20000000,"Done":false},{"Time":"2019-03-26T09:00:21","Situation":"flat","Type":"ask","Price":16.41280000,"Amount":9023.20000000,"Done":false},{"Time":"2019-03-26T09:04:27","Situation":"trend","Type":"ask","Price":16.41280000,"Amount":9023.20000000,"Done":false},{"Time":"2019-03-26T09:04:27","Situation":"trend","Type":"ask","Price":16.41280000,"Amount":9023.20000000,"Done":false},{"Time":"2019-03-26T09:09:31","Situation":"flat","Type":"ask","Price":16.41280000,"Amount":9023.20000000,"Done":false},{"Time":"2019-03-26T09:09:31","Situation":"flat","Type":"ask","Price":16.41280000,"Amount":9023.20000000,"Done":false},{"Time":"2019-03-26T09:14:34","Situation":"flat","Type":"ask","Price":16.41280000,"Amount":9023.20000000,"Done":false},{"Time":"2019-03-26T09:14:35","Situation":"flat","Type":"ask","Price":16.41280000,"Amount":9023.20000000,"Done":false},{"Time":"2019-03-26T09:15:56","Situation":"trend","Type":"ask","Price":16.41280000,"Amount":9023.20000000,"Done":false},{"Time":"2019-03-26T18:37:20","Situation":"flat","Type":"ask","Price":16.35000000,"Amount":7883.48000000,"Done":false},{"Time":"2019-03-26T18:37:20","Situation":"flat","Type":"ask","Price":16.35000000,"Amount":7883.48000000,"Done":false}],"OrderBookBids":[{"Time":"2019-03-26T07:28:31","Situation":"trend","Type":"bid","Price":16.20000000,"Amount":30694.08000000,"Done":false},{"Time":"2019-03-26T07:28:35","Situation":"trend","Type":"bid","Price":16.20000000,"Amount":30694.08000000,"Done":false},{"Time":"2019-03-26T07:33:35","Situation":"flat","Type":"bid","Price":16.20000000,"Amount":25797.31000000,"Done":false},{"Time":"2019-03-26T07:33:39","Situation":"flat","Type":"bid","Price":16.20000000,"Amount":25797.31000000,"Done":false},{"Time":"2019-03-26T07:38:35","Situation":"flat","Type":"bid","Price":16.20000000,"Amount":25478.75000000,"Done":false},{"Time":"2019-03-26T07:38:40","Situation":"flat","Type":"bid","Price":16.20000000,"Amount":25478.75000000,"Done":false},{"Time":"2019-03-26T07:43:39","Situation":"flat","Type":"bid","Price":16.20000000,"Amount":24198.09000000,"Done":false},{"Time":"2019-03-26T07:43:44","Situation":"flat","Type":"bid","Price":16.20000000,"Amount":24198.09000000,"Done":false},{"Time":"2019-03-26T07:48:43","Situation":"flat","Type":"bid","Price":16.20000000,"Amount":23062.88000000,"Done":false},{"Time":"2019-03-26T07:48:45","Situation":"flat","Type":"bid","Price":16.20000000,"Amount":23062.88000000,"Done":false},{"Time":"2019-03-26T07:53:45","Situation":"flat","Type":"bid","Price":16.20000000,"Amount":23123.97000000,"Done":false},{"Time":"2019-03-26T07:53:46","Situation":"flat","Type":"bid","Price":16.20000000,"Amount":23123.97000000,"Done":false},{"Time":"2019-03-26T07:58:49","Situation":"flat","Type":"bid","Price":16.22330000,"Amount":6854.52000000,"Done":false},{"Time":"2019-03-26T07:58:49","Situation":"flat","Type":"bid","Price":16.20000000,"Amount":22706.14000000,"Done":false},{"Time":"2019-03-26T07:58:49","Situation":"flat","Type":"bid","Price":16.22330000,"Amount":6854.52000000,"Done":false},{"Time":"2019-03-26T07:58:49","Situation":"flat","Type":"bid","Price":16.20000000,"Amount":22706.14000000,"Done":false},{"Time":"2019-03-26T08:03:50","Situation":"flat","Type":"bid","Price":16.20000000,"Amount":13934.04000000,"Done":false},{"Time":"2019-03-26T08:03:51","Situation":"flat","Type":"bid","Price":16.20000000,"Amount":13934.04000000,"Done":false},{"Time":"2019-03-26T08:08:54","Situation":"flat","Type":"bid","Price":16.20000000,"Amount":14177.60000000,"Done":false},{"Time":"2019-03-26T08:08:55","Situation":"flat","Type":"bid","Price":16.20000000,"Amount":14177.60000000,"Done":false},{"Time":"2019-03-26T08:13:55","Situation":"flat","Type":"bid","Price":16.20000000,"Amount":13887.89000000,"Done":false},{"Time":"2019-03-26T08:13:55","Situation":"flat","Type":"bid","Price":16.20000000,"Amount":13887.89000000,"Done":false},{"Time":"2019-03-26T08:14:56","Situation":"trend","Type":"bid","Price":16.20000000,"Amount":13918.65000000,"Done":false},{"Time":"2019-03-26T08:14:56","Situation":"trend","Type":"bid","Price":16.20000000,"Amount":13918.65000000,"Done":false},{"Time":"2019-03-26T08:19:56","Situation":"flat","Type":"bid","Price":16.20000000,"Amount":13954.27000000,"Done":false},{"Time":"2019-03-26T08:20:00","Situation":"flat","Type":"bid","Price":16.20000000,"Amount":13954.27000000,"Done":false},{"Time":"2019-03-26T08:24:59","Situation":"flat","Type":"bid","Price":16.20000000,"Amount":13928.21000000,"Done":false},{"Time":"2019-03-26T08:25:05","Situation":"flat","Type":"bid","Price":16.20000000,"Amount":13928.21000000,"Done":false},{"Time":"2019-03-26T08:30:04","Situation":"flat","Type":"bid","Price":16.20000000,"Amount":13907.79000000,"Done":false},{"Time":"2019-03-26T08:30:09","Situation":"flat","Type":"bid","Price":16.20000000,"Amount":13907.79000000,"Done":false},{"Time":"2019-03-26T08:35:06","Situation":"flat","Type":"bid","Price":16.20000000,"Amount":13912.79000000,"Done":false},{"Time":"2019-03-26T08:35:11","Situation":"flat","Type":"bid","Price":16.20000000,"Amount":13912.79000000,"Done":false},{"Time":"2019-03-26T08:40:10","Situation":"flat","Type":"bid","Price":16.20000000,"Amount":13973.51000000,"Done":false},{"Time":"2019-03-26T08:40:15","Situation":"flat","Type":"bid","Price":16.20000000,"Amount":13973.51000000,"Done":false},{"Time":"2019-03-26T08:45:10","Situation":"flat","Type":"bid","Price":16.20000000,"Amount":13973.51000000,"Done":false},{"Time":"2019-03-26T08:45:19","Situation":"flat","Type":"bid","Price":16.20000000,"Amount":13973.51000000,"Done":false},{"Time":"2019-03-26T08:50:10","Situation":"flat","Type":"bid","Price":16.20000000,"Amount":13939.70000000,"Done":false},{"Time":"2019-03-26T08:50:19","Situation":"flat","Type":"bid","Price":16.20000000,"Amount":13939.70000000,"Done":false},{"Time":"2019-03-26T08:55:11","Situation":"flat","Type":"bid","Price":16.20000000,"Amount":13939.70000000,"Done":false},{"Time":"2019-03-26T08:55:21","Situation":"flat","Type":"bid","Price":16.20000000,"Amount":13909.70000000,"Done":false},{"Time":"2019-03-26T09:00:12","Situation":"flat","Type":"bid","Price":16.20000000,"Amount":14227.46000000,"Done":false},{"Time":"2019-03-26T09:00:21","Situation":"flat","Type":"bid","Price":16.20000000,"Amount":14227.46000000,"Done":false},{"Time":"2019-03-26T09:04:27","Situation":"trend","Type":"bid","Price":16.20000000,"Amount":14227.46000000,"Done":false},{"Time":"2019-03-26T09:04:27","Situation":"trend","Type":"bid","Price":16.20000000,"Amount":14227.46000000,"Done":false},{"Time":"2019-03-26T09:14:34","Situation":"flat","Type":"bid","Price":16.20000000,"Amount":14349.68000000,"Done":false},{"Time":"2019-03-26T09:14:35","Situation":"flat","Type":"bid","Price":16.20000000,"Amount":14349.68000000,"Done":false},{"Time":"2019-03-26T09:15:56","Situation":"trend","Type":"bid","Price":16.20000000,"Amount":14351.68000000,"Done":false},{"Time":"2019-03-26T09:17:25","Situation":"trend","Type":"bid","Price":16.20000000,"Amount":14229.46000000,"Done":false},{"Time":"2019-03-26T09:21:00","Situation":"flat","Type":"bid","Price":16.20000000,"Amount":14229.46000000,"Done":false},{"Time":"2019-03-26T09:22:25","Situation":"flat","Type":"bid","Price":16.20000000,"Amount":14234.46000000,"Done":false},{"Time":"2019-03-26T09:26:04","Situation":"flat","Type":"bid","Price":16.20000000,"Amount":14234.46000000,"Done":false},{"Time":"2019-03-26T09:27:26","Situation":"flat","Type":"bid","Price":16.20000000,"Amount":14284.47000000,"Done":false},{"Time":"2019-03-26T09:31:05","Situation":"flat","Type":"bid","Price":16.20000000,"Amount":14284.47000000,"Done":false},{"Time":"2019-03-26T09:32:26","Situation":"flat","Type":"bid","Price":16.20000000,"Amount":14284.47000000,"Done":false},{"Time":"2019-03-26T09:36:05","Situation":"flat","Type":"bid","Price":16.20000000,"Amount":14284.47000000,"Done":false},{"Time":"2019-03-26T09:37:26","Situation":"flat","Type":"bid","Price":16.20000000,"Amount":14284.47000000,"Done":false},{"Time":"2019-03-26T09:41:06","Situation":"flat","Type":"bid","Price":16.20000000,"Amount":14297.45000000,"Done":false},{"Time":"2019-03-26T09:42:28","Situation":"flat","Type":"bid","Price":16.20000000,"Amount":14297.45000000,"Done":false},{"Time":"2019-03-26T09:46:10","Situation":"flat","Type":"bid","Price":16.20000000,"Amount":14297.45000000,"Done":false},{"Time":"2019-03-26T09:47:30","Situation":"flat","Type":"bid","Price":16.20000000,"Amount":14235.73000000,"Done":false},{"Time":"2019-03-26T09:51:14","Situation":"flat","Type":"bid","Price":16.20000000,"Amount":14021.85000000,"Done":false},{"Time":"2019-03-26T09:52:30","Situation":"flat","Type":"bid","Price":16.20000000,"Amount":14021.85000000,"Done":false},{"Time":"2019-03-26T09:56:14","Situation":"flat","Type":"bid","Price":16.20000000,"Amount":13943.00000000,"Done":false},{"Time":"2019-03-26T09:57:30","Situation":"flat","Type":"bid","Price":16.20000000,"Amount":12428.26000000,"Done":false},{"Time":"2019-03-26T10:01:14","Situation":"flat","Type":"bid","Price":16.20000000,"Amount":14686.94000000,"Done":false},{"Time":"2019-03-26T10:02:31","Situation":"flat","Type":"bid","Price":16.20000000,"Amount":14672.55000000,"Done":false},{"Time":"2019-03-26T10:06:16","Situation":"flat","Type":"bid","Price":16.20000000,"Amount":12656.94000000,"Done":false},{"Time":"2019-03-26T10:07:35","Situation":"flat","Type":"bid","Price":16.20000000,"Amount":12657.94000000,"Done":false},{"Time":"2019-03-26T10:10:34","Situation":"trend","Type":"bid","Price":16.20000000,"Amount":12636.68000000,"Done":false},{"Time":"2019-03-26T10:10:34","Situation":"trend","Type":"bid","Price":16.20000000,"Amount":12636.68000000,"Done":false},{"Time":"2019-03-26T10:15:36","Situation":"flat","Type":"bid","Price":16.20000000,"Amount":10138.03000000,"Done":false},{"Time":"2019-03-26T10:15:37","Situation":"flat","Type":"bid","Price":16.20000000,"Amount":10138.03000000,"Done":false},{"Time":"2019-03-26T10:20:39","Situation":"flat","Type":"bid","Price":16.20000000,"Amount":10138.03000000,"Done":false},{"Time":"2019-03-26T10:20:39","Situation":"flat","Type":"bid","Price":16.20000000,"Amount":10138.03000000,"Done":false},{"Time":"2019-03-26T10:25:42","Situation":"flat","Type":"bid","Price":16.20000000,"Amount":10059.61000000,"Done":false},{"Time":"2019-03-26T10:25:42","Situation":"flat","Type":"bid","Price":16.20000000,"Amount":10059.61000000,"Done":false},{"Time":"2019-03-26T10:30:46","Situation":"flat","Type":"bid","Price":16.20000000,"Amount":10195.78000000,"Done":false},{"Time":"2019-03-26T10:30:46","Situation":"flat","Type":"bid","Price":16.20000000,"Amount":10195.78000000,"Done":false},{"Time":"2019-03-26T10:35:49","Situation":"flat","Type":"bid","Price":16.20000000,"Amount":10202.78000000,"Done":false},{"Time":"2019-03-26T10:35:50","Situation":"flat","Type":"bid","Price":16.20000000,"Amount":10202.78000000,"Done":false},{"Time":"2019-03-26T10:40:50","Situation":"flat","Type":"bid","Price":16.20000000,"Amount":10202.78000000,"Done":false},{"Time":"2019-03-26T10:40:50","Situation":"flat","Type":"bid","Price":16.20000000,"Amount":10202.78000000,"Done":false},{"Time":"2019-03-26T10:45:51","Situation":"flat","Type":"bid","Price":16.20000000,"Amount":9306.92000000,"Done":false},{"Time":"2019-03-26T10:45:51","Situation":"flat","Type":"bid","Price":16.20000000,"Amount":9306.92000000,"Done":false},{"Time":"2019-03-26T10:50:54","Situation":"flat","Type":"bid","Price":16.20000000,"Amount":9059.55000000,"Done":false},{"Time":"2019-03-26T10:50:54","Situation":"flat","Type":"bid","Price":16.20000000,"Amount":9059.55000000,"Done":false},{"Time":"2019-03-26T10:55:56","Situation":"flat","Type":"bid","Price":16.20000000,"Amount":9081.37000000,"Done":false},{"Time":"2019-03-26T10:55:58","Situation":"flat","Type":"bid","Price":16.20000000,"Amount":9081.37000000,"Done":false},{"Time":"2019-03-26T11:00:56","Situation":"flat","Type":"bid","Price":16.20000000,"Amount":9039.90000000,"Done":false},{"Time":"2019-03-26T11:01:05","Situation":"flat","Type":"bid","Price":16.20000000,"Amount":9039.90000000,"Done":false},{"Time":"2019-03-26T11:05:56","Situation":"flat","Type":"bid","Price":16.20000000,"Amount":9056.44000000,"Done":false},{"Time":"2019-03-26T11:06:05","Situation":"flat","Type":"bid","Price":16.20000000,"Amount":9056.44000000,"Done":false},{"Time":"2019-03-26T11:11:00","Situation":"flat","Type":"bid","Price":16.20000000,"Amount":9137.44000000,"Done":false},{"Time":"2019-03-26T11:11:06","Situation":"flat","Type":"bid","Price":16.20000000,"Amount":9137.44000000,"Done":false},{"Time":"2019-03-26T11:16:00","Situation":"flat","Type":"bid","Price":16.20000000,"Amount":9151.32000000,"Done":false},{"Time":"2019-03-26T11:16:06","Situation":"flat","Type":"bid","Price":16.20000000,"Amount":9609.41000000,"Done":false},{"Time":"2019-03-26T11:20:49","Situation":"trend","Type":"bid","Price":16.20000000,"Amount":9137.44000000,"Done":true},{"Time":"2019-03-26T11:20:49","Situation":"trend","Type":"bid","Price":16.20000000,"Amount":9137.44000000,"Done":true},{"Time":"2019-03-26T12:00:53","Situation":"trend","Type":"bid","Price":16.00000000,"Amount":9899.75000000,"Done":false},{"Time":"2019-03-26T12:00:54","Situation":"trend","Type":"bid","Price":16.00000000,"Amount":9899.75000000,"Done":false},{"Time":"2019-03-26T12:05:57","Situation":"flat","Type":"bid","Price":16.00000000,"Amount":9708.27000000,"Done":false},{"Time":"2019-03-26T12:05:57","Situation":"flat","Type":"bid","Price":16.00000000,"Amount":9708.27000000,"Done":false},{"Time":"2019-03-26T12:11:00","Situation":"flat","Type":"bid","Price":16.00000000,"Amount":10502.22000000,"Done":false},{"Time":"2019-03-26T12:11:00","Situation":"flat","Type":"bid","Price":16.00000000,"Amount":10502.22000000,"Done":false},{"Time":"2019-03-26T13:00:20","Situation":"flat","Type":"bid","Price":15.50000000,"Amount":9569.97000000,"Done":false},{"Time":"2019-03-26T13:00:20","Situation":"flat","Type":"bid","Price":15.50000000,"Amount":9569.97000000,"Done":false},{"Time":"2019-03-26T13:01:31","Situation":"trend","Type":"bid","Price":15.50000000,"Amount":9826.08000000,"Done":false},{"Time":"2019-03-26T13:01:31","Situation":"trend","Type":"bid","Price":15.50000000,"Amount":9826.08000000,"Done":false},{"Time":"2019-03-26T13:02:34","Situation":"trend","Type":"bid","Price":15.50000000,"Amount":9750.04000000,"Done":false},{"Time":"2019-03-26T13:04:19","Situation":"trend","Type":"bid","Price":15.50000000,"Amount":8498.70000000,"Done":false},{"Time":"2019-03-26T13:04:24","Situation":"trend","Type":"bid","Price":15.50000000,"Amount":8498.70000000,"Done":false},{"Time":"2019-03-26T13:05:35","Situation":"trend","Type":"bid","Price":15.50000000,"Amount":9569.97000000,"Done":true},{"Time":"2019-03-26T13:05:35","Situation":"trend","Type":"bid","Price":15.50000000,"Amount":9569.97000000,"Done":true},{"Time":"2019-03-26T14:53:09","Situation":"trend","Type":"bid","Price":15.92000000,"Amount":10911.65000000,"Done":false},{"Time":"2019-03-26T15:33:42","Situation":"trend","Type":"bid","Price":15.83000000,"Amount":9177.80000000,"Done":false},{"Time":"2019-03-26T15:33:42","Situation":"trend","Type":"bid","Price":15.83000000,"Amount":9177.80000000,"Done":false},{"Time":"2019-03-26T15:38:46","Situation":"flat","Type":"bid","Price":15.83000000,"Amount":9177.80000000,"Done":false},{"Time":"2019-03-26T15:38:46","Situation":"flat","Type":"bid","Price":15.83000000,"Amount":9177.80000000,"Done":false},{"Time":"2019-03-26T15:43:46","Situation":"flat","Type":"bid","Price":15.83000000,"Amount":9171.09000000,"Done":false},{"Time":"2019-03-26T15:43:50","Situation":"flat","Type":"bid","Price":15.83000000,"Amount":9171.09000000,"Done":false},{"Time":"2019-03-26T15:46:46","Situation":"trend","Type":"bid","Price":15.83000000,"Amount":9328.75000000,"Done":false},{"Time":"2019-03-26T15:46:50","Situation":"trend","Type":"bid","Price":15.83000000,"Amount":9328.75000000,"Done":false},{"Time":"2019-03-26T15:51:49","Situation":"flat","Type":"bid","Price":15.83000000,"Amount":9328.75000000,"Done":false},{"Time":"2019-03-26T15:51:54","Situation":"flat","Type":"bid","Price":15.83000000,"Amount":9328.75000000,"Done":false},{"Time":"2019-03-26T15:56:49","Situation":"flat","Type":"bid","Price":15.83000000,"Amount":9328.75000000,"Done":false},{"Time":"2019-03-26T15:56:55","Situation":"flat","Type":"bid","Price":15.83000000,"Amount":9328.75000000,"Done":false},{"Time":"2019-03-26T16:47:04","Situation":"flat","Type":"bid","Price":15.84010000,"Amount":14546.47000000,"Done":false},{"Time":"2019-03-26T16:47:14","Situation":"flat","Type":"bid","Price":15.84010000,"Amount":14546.47000000,"Done":false},{"Time":"2019-03-26T16:52:05","Situation":"flat","Type":"bid","Price":15.88000000,"Amount":22184.42000000,"Done":false},{"Time":"2019-03-26T16:52:05","Situation":"flat","Type":"bid","Price":15.84010000,"Amount":14546.47000000,"Done":false},{"Time":"2019-03-26T16:52:15","Situation":"flat","Type":"bid","Price":15.84010000,"Amount":14546.47000000,"Done":false},{"Time":"2019-03-26T16:56:46","Situation":"trend","Type":"bid","Price":15.88000000,"Amount":10648.32000000,"Done":false},{"Time":"2019-03-26T16:56:46","Situation":"trend","Type":"bid","Price":15.84010000,"Amount":14546.47000000,"Done":false},{"Time":"2019-03-26T16:56:47","Situation":"trend","Type":"bid","Price":15.88000000,"Amount":10648.32000000,"Done":false},{"Time":"2019-03-26T16:56:47","Situation":"trend","Type":"bid","Price":15.84010000,"Amount":14546.47000000,"Done":false},{"Time":"2019-03-26T17:00:24","Situation":"trend","Type":"bid","Price":15.88000000,"Amount":10648.32000000,"Done":false},{"Time":"2019-03-26T17:00:24","Situation":"trend","Type":"bid","Price":15.84010000,"Amount":14546.47000000,"Done":false},{"Time":"2019-03-26T17:00:24","Situation":"trend","Type":"bid","Price":15.88000000,"Amount":10648.32000000,"Done":false},{"Time":"2019-03-26T17:00:24","Situation":"trend","Type":"bid","Price":15.84010000,"Amount":14546.47000000,"Done":false},{"Time":"2019-03-26T17:04:00","Situation":"trend","Type":"bid","Price":15.88000000,"Amount":10963.18000000,"Done":false},{"Time":"2019-03-26T17:04:00","Situation":"trend","Type":"bid","Price":15.84010000,"Amount":14546.47000000,"Done":false},{"Time":"2019-03-26T17:05:24","Situation":"flat","Type":"bid","Price":15.88000000,"Amount":11040.68000000,"Done":false},{"Time":"2019-03-26T17:05:24","Situation":"flat","Type":"bid","Price":15.84010000,"Amount":14546.47000000,"Done":false},{"Time":"2019-03-26T17:09:04","Situation":"flat","Type":"bid","Price":15.88000000,"Amount":10725.82000000,"Done":false},{"Time":"2019-03-26T17:09:04","Situation":"flat","Type":"bid","Price":15.84010000,"Amount":14546.47000000,"Done":false},{"Time":"2019-03-26T17:09:14","Situation":"trend","Type":"bid","Price":15.88000000,"Amount":10725.82000000,"Done":false},{"Time":"2019-03-26T17:09:14","Situation":"trend","Type":"bid","Price":15.84010000,"Amount":14546.47000000,"Done":false},{"Time":"2019-03-26T17:10:07","Situation":"trend","Type":"bid","Price":15.88000000,"Amount":10725.82000000,"Done":false},{"Time":"2019-03-26T19:41:39","Situation":"trend","Type":"bid","Price":16.16000000,"Amount":13648.68000000,"Done":false},{"Time":"2019-03-26T19:41:39","Situation":"trend","Type":"bid","Price":16.16000000,"Amount":13648.68000000,"Done":false},{"Time":"2019-03-26T19:51:26","Situation":"trend","Type":"bid","Price":16.00000000,"Amount":8475.24000000,"Done":false},{"Time":"2019-03-26T19:51:26","Situation":"trend","Type":"bid","Price":16.00000000,"Amount":8475.24000000,"Done":false}],"TradeHistory":[{"Time":"2019-03-26T00:01:16","Situation":"trend","Id":"19995273","Type":"market","Side":"buy","OrderTime":"2019-03-25T23:59:17","Price":16.79000000,"Amount":508.40000000},{"Time":"2019-03-26T00:01:16","Situation":"trend","Id":"19995347","Type":"market","Side":"buy","OrderTime":"2019-03-26T00:00:00","Price":16.77770000,"Amount":1134.01000000},{"Time":"2019-03-26T00:05:05","Situation":"trend","Id":"19995746","Type":"market","Side":"sell","OrderTime":"2019-03-26T00:02:24","Price":16.65000000,"Amount":992.98000000},{"Time":"2019-03-26T00:05:05","Situation":"trend","Id":"19995837","Type":"market","Side":"buy","OrderTime":"2019-03-26T00:02:55","Price":16.65000000,"Amount":565.67000000},{"Time":"2019-03-26T00:05:05","Situation":"trend","Id":"19995863","Type":"market","Side":"sell","OrderTime":"2019-03-26T00:03:04","Price":16.62470000,"Amount":1770.91000000},{"Time":"2019-03-26T00:12:17","Situation":"flat","Id":"19996537","Type":"market","Side":"buy","OrderTime":"2019-03-26T00:10:00","Price":16.69700000,"Amount":574.33000000},{"Time":"2019-03-26T00:12:17","Situation":"flat","Id":"19996710","Type":"market","Side":"buy","OrderTime":"2019-03-26T00:11:40","Price":16.72000000,"Amount":556.56000000},{"Time":"2019-03-26T00:15:48","Situation":"trend","Id":"19996763","Type":"market","Side":"sell","OrderTime":"2019-03-26T00:12:25","Price":16.71420000,"Amount":863.31000000},{"Time":"2019-03-26T00:15:48","Situation":"trend","Id":"19996764","Type":"market","Side":"sell","OrderTime":"2019-03-26T00:12:27","Price":16.71420000,"Amount":682.55000000},{"Time":"2019-03-26T00:20:51","Situation":"flat","Id":"19997130","Type":"market","Side":"buy","OrderTime":"2019-03-26T00:17:26","Price":16.65000000,"Amount":770.70000000},{"Time":"2019-03-26T00:20:51","Situation":"flat","Id":"19997235","Type":"market","Side":"sell","OrderTime":"2019-03-26T00:19:11","Price":16.71000000,"Amount":530.90000000},{"Time":"2019-03-26T00:25:51","Situation":"flat","Id":"19997419","Type":"market","Side":"buy","OrderTime":"2019-03-26T00:22:55","Price":16.64710000,"Amount":504.18000000},{"Time":"2019-03-26T00:27:20","Situation":"flat","Id":"19997724","Type":"market","Side":"sell","OrderTime":"2019-03-26T00:26:43","Price":16.68980000,"Amount":627.69000000},{"Time":"2019-03-26T00:33:14","Situation":"flat","Id":"19997929","Type":"market","Side":"sell","OrderTime":"2019-03-26T00:30:02","Price":16.73320000,"Amount":508.47000000},{"Time":"2019-03-26T00:48:18","Situation":"flat","Id":"19998851","Type":"market","Side":"buy","OrderTime":"2019-03-26T00:47:06","Price":16.75840000,"Amount":521.84000000},{"Time":"2019-03-26T00:53:24","Situation":"flat","Id":"19999045","Type":"market","Side":"sell","OrderTime":"2019-03-26T00:53:23","Price":16.70000000,"Amount":540.88000000},{"Time":"2019-03-26T00:58:22","Situation":"flat","Id":"19999239","Type":"market","Side":"sell","OrderTime":"2019-03-26T00:56:17","Price":16.73020000,"Amount":675.00000000},{"Time":"2019-03-26T01:03:25","Situation":"flat","Id":"19999544","Type":"market","Side":"sell","OrderTime":"2019-03-26T01:01:26","Price":16.70000000,"Amount":2234.05000000},{"Time":"2019-03-26T01:13:26","Situation":"flat","Id":"19999840","Type":"market","Side":"buy","OrderTime":"2019-03-26T01:12:30","Price":16.73730000,"Amount":1113.36000000},{"Time":"2019-03-26T01:28:32","Situation":"flat","Id":"20000194","Type":"market","Side":"buy","OrderTime":"2019-03-26T01:25:32","Price":16.71050000,"Amount":520.47000000},{"Time":"2019-03-26T01:33:32","Situation":"flat","Id":"20000237","Type":"market","Side":"sell","OrderTime":"2019-03-26T01:28:56","Price":16.70810000,"Amount":563.29000000},{"Time":"2019-03-26T01:33:32","Situation":"flat","Id":"20000267","Type":"market","Side":"buy","OrderTime":"2019-03-26T01:31:58","Price":16.70280000,"Amount":684.04000000},{"Time":"2019-03-26T01:38:34","Situation":"flat","Id":"20000376","Type":"market","Side":"sell","OrderTime":"2019-03-26T01:35:07","Price":16.67520000,"Amount":719.24000000},{"Time":"2019-03-26T01:38:34","Situation":"flat","Id":"20000414","Type":"market","Side":"buy","OrderTime":"2019-03-26T01:37:36","Price":16.67850000,"Amount":711.03000000},{"Time":"2019-03-26T01:38:34","Situation":"flat","Id":"20000419","Type":"market","Side":"buy","OrderTime":"2019-03-26T01:37:59","Price":16.67200000,"Amount":585.33000000},{"Time":"2019-03-26T01:38:34","Situation":"flat","Id":"20000439","Type":"market","Side":"buy","OrderTime":"2019-03-26T01:38:24","Price":16.64850000,"Amount":540.65000000},{"Time":"2019-03-26T01:48:35","Situation":"flat","Id":"20000542","Type":"market","Side":"buy","OrderTime":"2019-03-26T01:44:00","Price":16.68900000,"Amount":596.07000000},{"Time":"2019-03-26T01:53:35","Situation":"flat","Id":"20000814","Type":"market","Side":"sell","OrderTime":"2019-03-26T01:52:25","Price":16.68150000,"Amount":520.99000000},{"Time":"2019-03-26T01:53:35","Situation":"flat","Id":"20000844","Type":"market","Side":"buy","OrderTime":"2019-03-26T01:53:28","Price":16.70660000,"Amount":655.22000000},{"Time":"2019-03-26T01:53:44","Situation":"flat","Id":"20000851","Type":"market","Side":"buy","OrderTime":"2019-03-26T01:53:37","Price":16.70560000,"Amount":666.29000000},{"Time":"2019-03-26T01:58:35","Situation":"flat","Id":"20000924","Type":"market","Side":"sell","OrderTime":"2019-03-26T01:55:52","Price":16.69810000,"Amount":546.18000000},{"Time":"2019-03-26T01:58:35","Situation":"flat","Id":"20000952","Type":"market","Side":"sell","OrderTime":"2019-03-26T01:55:59","Price":16.69000000,"Amount":675.00000000},{"Time":"2019-03-26T01:58:35","Situation":"flat","Id":"20000983","Type":"market","Side":"sell","OrderTime":"2019-03-26T01:56:17","Price":16.69180000,"Amount":537.83000000},{"Time":"2019-03-26T01:58:35","Situation":"flat","Id":"20001049","Type":"market","Side":"buy","OrderTime":"2019-03-26T01:58:24","Price":16.68700000,"Amount":505.61000000},{"Time":"2019-03-26T01:58:35","Situation":"flat","Id":"20001050","Type":"market","Side":"sell","OrderTime":"2019-03-26T01:58:34","Price":16.69080000,"Amount":613.66000000},{"Time":"2019-03-26T02:03:35","Situation":"flat","Id":"20001064","Type":"market","Side":"sell","OrderTime":"2019-03-26T01:59:26","Price":16.69260000,"Amount":976.33000000},{"Time":"2019-03-26T02:03:35","Situation":"flat","Id":"20001149","Type":"market","Side":"sell","OrderTime":"2019-03-26T02:02:29","Price":16.72730000,"Amount":572.17000000},{"Time":"2019-03-26T02:03:50","Situation":"flat","Id":"20001165","Type":"market","Side":"buy","OrderTime":"2019-03-26T02:03:44","Price":16.72290000,"Amount":652.87000000},{"Time":"2019-03-26T02:08:36","Situation":"flat","Id":"20001213","Type":"market","Side":"buy","OrderTime":"2019-03-26T02:06:00","Price":16.74210000,"Amount":666.16000000},{"Time":"2019-03-26T02:08:36","Situation":"flat","Id":"20001245","Type":"market","Side":"sell","OrderTime":"2019-03-26T02:08:04","Price":16.72260000,"Amount":513.99000000},{"Time":"2019-03-26T02:13:36","Situation":"flat","Id":"20001295","Type":"market","Side":"buy","OrderTime":"2019-03-26T02:09:22","Price":16.75200000,"Amount":724.61000000},{"Time":"2019-03-26T02:13:36","Situation":"flat","Id":"20001339","Type":"market","Side":"buy","OrderTime":"2019-03-26T02:10:14","Price":16.76550000,"Amount":508.96000000},{"Time":"2019-03-26T02:13:36","Situation":"flat","Id":"20001459","Type":"market","Side":"buy","OrderTime":"2019-03-26T02:11:56","Price":16.72560000,"Amount":515.15000000},{"Time":"2019-03-26T02:18:39","Situation":"flat","Id":"20001677","Type":"market","Side":"buy","OrderTime":"2019-03-26T02:17:01","Price":16.70830000,"Amount":586.96000000},{"Time":"2019-03-26T02:18:39","Situation":"flat","Id":"20001678","Type":"market","Side":"buy","OrderTime":"2019-03-26T02:17:09","Price":16.71070000,"Amount":843.77000000},{"Time":"2019-03-26T02:23:41","Situation":"flat","Id":"20001747","Type":"market","Side":"buy","OrderTime":"2019-03-26T02:20:07","Price":16.72990000,"Amount":967.63000000},{"Time":"2019-03-26T02:23:41","Situation":"flat","Id":"20001772","Type":"market","Side":"buy","OrderTime":"2019-03-26T02:21:19","Price":16.71420000,"Amount":990.20000000},{"Time":"2019-03-26T02:23:41","Situation":"flat","Id":"20001777","Type":"market","Side":"buy","OrderTime":"2019-03-26T02:21:39","Price":16.70820000,"Amount":670.09000000},{"Time":"2019-03-26T02:23:41","Situation":"flat","Id":"20001786","Type":"market","Side":"buy","OrderTime":"2019-03-26T02:22:25","Price":16.70350000,"Amount":508.15000000},{"Time":"2019-03-26T02:23:41","Situation":"flat","Id":"20001798","Type":"market","Side":"buy","OrderTime":"2019-03-26T02:22:55","Price":16.70420000,"Amount":958.63000000},{"Time":"2019-03-26T02:28:41","Situation":"flat","Id":"20001853","Type":"market","Side":"buy","OrderTime":"2019-03-26T02:24:46","Price":16.71530000,"Amount":719.47000000},{"Time":"2019-03-26T02:28:41","Situation":"flat","Id":"20001943","Type":"market","Side":"buy","OrderTime":"2019-03-26T02:26:28","Price":16.69590000,"Amount":650.94000000},{"Time":"2019-03-26T02:28:41","Situation":"flat","Id":"20001947","Type":"market","Side":"sell","OrderTime":"2019-03-26T02:26:38","Price":16.69000000,"Amount":609.81000000},{"Time":"2019-03-26T02:28:41","Situation":"flat","Id":"20001963","Type":"market","Side":"sell","OrderTime":"2019-03-26T02:27:51","Price":16.69110000,"Amount":623.88000000},{"Time":"2019-03-26T02:29:00","Situation":"flat","Id":"20001973","Type":"market","Side":"sell","OrderTime":"2019-03-26T02:28:45","Price":16.69690000,"Amount":807.24000000},{"Time":"2019-03-26T02:33:42","Situation":"flat","Id":"20001976","Type":"market","Side":"buy","OrderTime":"2019-03-26T02:29:07","Price":16.69810000,"Amount":717.83000000},{"Time":"2019-03-26T02:33:42","Situation":"flat","Id":"20001993","Type":"market","Side":"buy","OrderTime":"2019-03-26T02:30:48","Price":16.69020000,"Amount":519.01000000},{"Time":"2019-03-26T02:33:42","Situation":"flat","Id":"20002008","Type":"market","Side":"buy","OrderTime":"2019-03-26T02:31:51","Price":16.69230000,"Amount":611.71000000},{"Time":"2019-03-26T02:33:42","Situation":"flat","Id":"20002011","Type":"market","Side":"buy","OrderTime":"2019-03-26T02:32:08","Price":16.69130000,"Amount":690.72000000},{"Time":"2019-03-26T02:34:05","Situation":"flat","Id":"20002025","Type":"market","Side":"buy","OrderTime":"2019-03-26T02:33:59","Price":16.68650000,"Amount":591.71000000},{"Time":"2019-03-26T02:38:44","Situation":"flat","Id":"20002035","Type":"market","Side":"sell","OrderTime":"2019-03-26T02:35:30","Price":16.68980000,"Amount":760.62000000},{"Time":"2019-03-26T02:38:44","Situation":"flat","Id":"20002038","Type":"market","Side":"sell","OrderTime":"2019-03-26T02:35:43","Price":16.68970000,"Amount":660.39000000},{"Time":"2019-03-26T02:43:46","Situation":"flat","Id":"20002087","Type":"market","Side":"buy","OrderTime":"2019-03-26T02:39:12","Price":16.66790000,"Amount":982.49000000},{"Time":"2019-03-26T02:43:46","Situation":"flat","Id":"20002148","Type":"market","Side":"buy","OrderTime":"2019-03-26T02:41:49","Price":16.68850000,"Amount":943.19000000},{"Time":"2019-03-26T02:48:50","Situation":"flat","Id":"20002185","Type":"market","Side":"buy","OrderTime":"2019-03-26T02:45:37","Price":16.69890000,"Amount":501.37000000},{"Time":"2019-03-26T02:48:50","Situation":"flat","Id":"20002188","Type":"market","Side":"sell","OrderTime":"2019-03-26T02:46:07","Price":16.69330000,"Amount":909.38000000},{"Time":"2019-03-26T02:48:50","Situation":"flat","Id":"20002237","Type":"market","Side":"buy","OrderTime":"2019-03-26T02:47:25","Price":16.66710000,"Amount":574.31000000},{"Time":"2019-03-26T02:48:50","Situation":"flat","Id":"20002252","Type":"market","Side":"buy","OrderTime":"2019-03-26T02:48:30","Price":16.66710000,"Amount":576.23000000},{"Time":"2019-03-26T02:53:52","Situation":"flat","Id":"20002274","Type":"market","Side":"buy","OrderTime":"2019-03-26T02:49:39","Price":16.66250000,"Amount":591.59000000},{"Time":"2019-03-26T02:53:52","Situation":"flat","Id":"20002326","Type":"market","Side":"sell","OrderTime":"2019-03-26T02:51:37","Price":16.65120000,"Amount":618.27000000},{"Time":"2019-03-26T02:58:55","Situation":"flat","Id":"20002393","Type":"market","Side":"sell","OrderTime":"2019-03-26T02:56:30","Price":16.63660000,"Amount":582.36000000},{"Time":"2019-03-26T02:58:55","Situation":"flat","Id":"20002413","Type":"market","Side":"sell","OrderTime":"2019-03-26T02:56:54","Price":16.62470000,"Amount":616.06000000},{"Time":"2019-03-26T02:58:55","Situation":"flat","Id":"20002414","Type":"market","Side":"buy","OrderTime":"2019-03-26T02:56:54","Price":16.62420000,"Amount":555.68000000},{"Time":"2019-03-26T02:58:55","Situation":"flat","Id":"20002474","Type":"market","Side":"buy","OrderTime":"2019-03-26T02:58:33","Price":16.61350000,"Amount":543.43000000},{"Time":"2019-03-26T03:03:55","Situation":"flat","Id":"20002567","Type":"market","Side":"buy","OrderTime":"2019-03-26T03:01:53","Price":16.61940000,"Amount":609.12000000},{"Time":"2019-03-26T03:03:55","Situation":"flat","Id":"20002578","Type":"market","Side":"sell","OrderTime":"2019-03-26T03:02:20","Price":16.61910000,"Amount":705.53000000},{"Time":"2019-03-26T03:03:55","Situation":"flat","Id":"20002641","Type":"market","Side":"buy","OrderTime":"2019-03-26T03:03:20","Price":16.65000000,"Amount":1000.00000000},{"Time":"2019-03-26T03:08:57","Situation":"flat","Id":"20002696","Type":"market","Side":"buy","OrderTime":"2019-03-26T03:04:42","Price":16.63860000,"Amount":805.00000000},{"Time":"2019-03-26T03:08:57","Situation":"flat","Id":"20002709","Type":"market","Side":"sell","OrderTime":"2019-03-26T03:05:08","Price":16.62960000,"Amount":674.70000000},{"Time":"2019-03-26T03:13:59","Situation":"flat","Id":"20002753","Type":"market","Side":"buy","OrderTime":"2019-03-26T03:09:50","Price":16.64850000,"Amount":856.68000000},{"Time":"2019-03-26T03:13:59","Situation":"flat","Id":"20002826","Type":"market","Side":"sell","OrderTime":"2019-03-26T03:13:16","Price":16.60000000,"Amount":905.68000000},{"Time":"2019-03-26T03:19:00","Situation":"flat","Id":"20002908","Type":"market","Side":"buy","OrderTime":"2019-03-26T03:14:47","Price":16.58320000,"Amount":505.22000000},{"Time":"2019-03-26T03:19:00","Situation":"flat","Id":"20002999","Type":"market","Side":"buy","OrderTime":"2019-03-26T03:17:10","Price":16.61290000,"Amount":1338.93000000},{"Time":"2019-03-26T03:19:00","Situation":"flat","Id":"20003072","Type":"market","Side":"sell","OrderTime":"2019-03-26T03:18:01","Price":16.57910000,"Amount":618.90000000},{"Time":"2019-03-26T03:19:00","Situation":"flat","Id":"20003086","Type":"market","Side":"sell","OrderTime":"2019-03-26T03:18:38","Price":16.58980000,"Amount":702.87000000},{"Time":"2019-03-26T03:24:00","Situation":"flat","Id":"20003122","Type":"market","Side":"sell","OrderTime":"2019-03-26T03:20:46","Price":16.61570000,"Amount":677.79000000},{"Time":"2019-03-26T03:24:00","Situation":"flat","Id":"20003188","Type":"market","Side":"sell","OrderTime":"2019-03-26T03:23:29","Price":16.60390000,"Amount":559.34000000},{"Time":"2019-03-26T03:34:10","Situation":"flat","Id":"20003339","Type":"market","Side":"sell","OrderTime":"2019-03-26T03:29:44","Price":16.55850000,"Amount":800.71000000},{"Time":"2019-03-26T03:34:10","Situation":"flat","Id":"20003426","Type":"market","Side":"sell","OrderTime":"2019-03-26T03:31:40","Price":16.53800000,"Amount":1001.03000000},{"Time":"2019-03-26T03:34:10","Situation":"flat","Id":"20003467","Type":"market","Side":"sell","OrderTime":"2019-03-26T03:33:46","Price":16.55030000,"Amount":555.62000000},{"Time":"2019-03-26T03:35:40","Situation":"trend","Id":"20003502","Type":"market","Side":"sell","OrderTime":"2019-03-26T03:34:39","Price":16.54250000,"Amount":572.44000000},{"Time":"2019-03-26T03:35:40","Situation":"trend","Id":"20003525","Type":"market","Side":"buy","OrderTime":"2019-03-26T03:35:35","Price":16.58000000,"Amount":522.36000000},{"Time":"2019-03-26T03:35:40","Situation":"trend","Id":"20003554","Type":"market","Side":"buy","OrderTime":"2019-03-26T03:35:38","Price":16.62520000,"Amount":541.29000000},{"Time":"2019-03-26T03:48:00","Situation":"flat","Id":"20003925","Type":"market","Side":"sell","OrderTime":"2019-03-26T03:43:00","Price":16.54260000,"Amount":622.86000000},{"Time":"2019-03-26T03:48:00","Situation":"flat","Id":"20003999","Type":"market","Side":"buy","OrderTime":"2019-03-26T03:45:51","Price":16.53170000,"Amount":663.77000000},{"Time":"2019-03-26T03:53:04","Situation":"flat","Id":"20004012","Type":"market","Side":"sell","OrderTime":"2019-03-26T03:48:13","Price":16.53960000,"Amount":888.79000000},{"Time":"2019-03-26T03:53:04","Situation":"flat","Id":"20004028","Type":"market","Side":"buy","OrderTime":"2019-03-26T03:48:42","Price":16.52360000,"Amount":875.06000000},{"Time":"2019-03-26T03:53:04","Situation":"flat","Id":"20004047","Type":"market","Side":"buy","OrderTime":"2019-03-26T03:49:13","Price":16.51570000,"Amount":1331.18000000},{"Time":"2019-03-26T03:58:07","Situation":"flat","Id":"20004192","Type":"market","Side":"buy","OrderTime":"2019-03-26T03:53:32","Price":16.50380000,"Amount":557.10000000},{"Time":"2019-03-26T03:58:07","Situation":"flat","Id":"20004204","Type":"market","Side":"sell","OrderTime":"2019-03-26T03:54:10","Price":16.50010000,"Amount":527.52000000},{"Time":"2019-03-26T03:58:07","Situation":"flat","Id":"20004205","Type":"market","Side":"sell","OrderTime":"2019-03-26T03:54:10","Price":16.50000000,"Amount":517.13000000},{"Time":"2019-03-26T03:58:07","Situation":"flat","Id":"20004209","Type":"market","Side":"sell","OrderTime":"2019-03-26T03:54:10","Price":16.50000000,"Amount":558.73000000},{"Time":"2019-03-26T03:58:07","Situation":"flat","Id":"20004272","Type":"market","Side":"sell","OrderTime":"2019-03-26T03:56:27","Price":16.49620000,"Amount":815.83000000},{"Time":"2019-03-26T03:58:07","Situation":"flat","Id":"20004282","Type":"market","Side":"buy","OrderTime":"2019-03-26T03:57:14","Price":16.49410000,"Amount":705.55000000},{"Time":"2019-03-26T04:03:09","Situation":"flat","Id":"20004343","Type":"market","Side":"buy","OrderTime":"2019-03-26T04:01:11","Price":16.50720000,"Amount":965.58000000},{"Time":"2019-03-26T04:08:42","Situation":"flat","Id":"20004528","Type":"market","Side":"sell","OrderTime":"2019-03-26T04:03:58","Price":16.58290000,"Amount":850.85000000},{"Time":"2019-03-26T04:08:42","Situation":"flat","Id":"20004570","Type":"market","Side":"sell","OrderTime":"2019-03-26T04:05:32","Price":16.60000000,"Amount":584.40000000},{"Time":"2019-03-26T04:08:42","Situation":"flat","Id":"20004577","Type":"market","Side":"sell","OrderTime":"2019-03-26T04:05:32","Price":16.60000000,"Amount":592.84000000},{"Time":"2019-03-26T04:08:42","Situation":"flat","Id":"20004597","Type":"market","Side":"sell","OrderTime":"2019-03-26T04:05:53","Price":16.60000000,"Amount":895.00000000},{"Time":"2019-03-26T04:08:42","Situation":"flat","Id":"20004598","Type":"market","Side":"sell","OrderTime":"2019-03-26T04:05:53","Price":16.60000000,"Amount":614.41000000},{"Time":"2019-03-26T04:08:42","Situation":"flat","Id":"20004603","Type":"market","Side":"sell","OrderTime":"2019-03-26T04:05:58","Price":16.60000000,"Amount":737.17000000},{"Time":"2019-03-26T04:08:42","Situation":"flat","Id":"20004625","Type":"market","Side":"buy","OrderTime":"2019-03-26T04:06:56","Price":16.57830000,"Amount":526.72000000},{"Time":"2019-03-26T04:13:55","Situation":"flat","Id":"20004868","Type":"market","Side":"buy","OrderTime":"2019-03-26T04:09:29","Price":16.55960000,"Amount":517.06000000},{"Time":"2019-03-26T04:13:55","Situation":"flat","Id":"20004946","Type":"market","Side":"sell","OrderTime":"2019-03-26T04:09:57","Price":16.50770000,"Amount":714.51000000},{"Time":"2019-03-26T04:39:11","Situation":"flat","Id":"20005573","Type":"market","Side":"sell","OrderTime":"2019-03-26T04:38:37","Price":16.51720000,"Amount":974.55000000},{"Time":"2019-03-26T04:44:14","Situation":"flat","Id":"20005594","Type":"market","Side":"buy","OrderTime":"2019-03-26T04:41:13","Price":16.51570000,"Amount":656.08000000},{"Time":"2019-03-26T04:49:16","Situation":"flat","Id":"20005616","Type":"market","Side":"buy","OrderTime":"2019-03-26T04:44:41","Price":16.51180000,"Amount":592.57000000},{"Time":"2019-03-26T04:49:16","Situation":"flat","Id":"20005639","Type":"market","Side":"buy","OrderTime":"2019-03-26T04:46:50","Price":16.50140000,"Amount":622.52000000},{"Time":"2019-03-26T04:49:16","Situation":"flat","Id":"20005640","Type":"market","Side":"buy","OrderTime":"2019-03-26T04:46:50","Price":16.50340000,"Amount":504.79000000},{"Time":"2019-03-26T04:54:16","Situation":"flat","Id":"20005674","Type":"market","Side":"buy","OrderTime":"2019-03-26T04:49:37","Price":16.50480000,"Amount":508.59000000},{"Time":"2019-03-26T04:54:16","Situation":"flat","Id":"20005681","Type":"market","Side":"sell","OrderTime":"2019-03-26T04:50:10","Price":16.50270000,"Amount":603.79000000},{"Time":"2019-03-26T04:54:16","Situation":"flat","Id":"20005684","Type":"market","Side":"buy","OrderTime":"2019-03-26T04:50:33","Price":16.50460000,"Amount":985.23000000},{"Time":"2019-03-26T04:54:16","Situation":"flat","Id":"20005686","Type":"market","Side":"sell","OrderTime":"2019-03-26T04:50:54","Price":16.50160000,"Amount":819.64000000},{"Time":"2019-03-26T04:54:16","Situation":"flat","Id":"20005697","Type":"market","Side":"sell","OrderTime":"2019-03-26T04:51:41","Price":16.50130000,"Amount":938.02000000},{"Time":"2019-03-26T04:54:16","Situation":"flat","Id":"20005717","Type":"market","Side":"sell","OrderTime":"2019-03-26T04:52:49","Price":16.50060000,"Amount":509.93000000},{"Time":"2019-03-26T04:54:16","Situation":"flat","Id":"20005718","Type":"market","Side":"buy","OrderTime":"2019-03-26T04:52:49","Price":16.50190000,"Amount":735.56000000},{"Time":"2019-03-26T04:59:19","Situation":"flat","Id":"20005772","Type":"market","Side":"buy","OrderTime":"2019-03-26T04:54:52","Price":16.48250000,"Amount":725.17000000},{"Time":"2019-03-26T04:59:19","Situation":"flat","Id":"20005774","Type":"market","Side":"buy","OrderTime":"2019-03-26T04:55:18","Price":16.48370000,"Amount":676.63000000},{"Time":"2019-03-26T04:59:19","Situation":"flat","Id":"20005781","Type":"market","Side":"buy","OrderTime":"2019-03-26T04:55:56","Price":16.48580000,"Amount":578.12000000},{"Time":"2019-03-26T04:59:19","Situation":"flat","Id":"20005785","Type":"market","Side":"sell","OrderTime":"2019-03-26T04:56:20","Price":16.48420000,"Amount":508.67000000},{"Time":"2019-03-26T04:59:19","Situation":"flat","Id":"20005786","Type":"market","Side":"buy","OrderTime":"2019-03-26T04:56:21","Price":16.48570000,"Amount":875.23000000},{"Time":"2019-03-26T04:59:19","Situation":"flat","Id":"20005793","Type":"market","Side":"buy","OrderTime":"2019-03-26T04:57:01","Price":16.48540000,"Amount":663.51000000},{"Time":"2019-03-26T04:59:19","Situation":"flat","Id":"20005798","Type":"market","Side":"sell","OrderTime":"2019-03-26T04:57:20","Price":16.48300000,"Amount":579.61000000},{"Time":"2019-03-26T04:59:19","Situation":"flat","Id":"20005802","Type":"market","Side":"buy","OrderTime":"2019-03-26T04:57:48","Price":16.48560000,"Amount":505.36000000},{"Time":"2019-03-26T04:59:19","Situation":"flat","Id":"20005807","Type":"market","Side":"buy","OrderTime":"2019-03-26T04:58:25","Price":16.47920000,"Amount":767.71000000},{"Time":"2019-03-26T04:59:19","Situation":"flat","Id":"20005820","Type":"market","Side":"buy","OrderTime":"2019-03-26T04:59:01","Price":16.47770000,"Amount":557.06000000},{"Time":"2019-03-26T05:04:20","Situation":"flat","Id":"20005826","Type":"market","Side":"buy","OrderTime":"2019-03-26T04:59:30","Price":16.47580000,"Amount":834.68000000},{"Time":"2019-03-26T05:04:20","Situation":"flat","Id":"20005860","Type":"market","Side":"buy","OrderTime":"2019-03-26T05:00:20","Price":16.47710000,"Amount":675.87000000},{"Time":"2019-03-26T05:04:20","Situation":"flat","Id":"20005861","Type":"market","Side":"buy","OrderTime":"2019-03-26T05:00:30","Price":16.47980000,"Amount":517.35000000},{"Time":"2019-03-26T05:04:20","Situation":"flat","Id":"20005866","Type":"market","Side":"buy","OrderTime":"2019-03-26T05:00:55","Price":16.47970000,"Amount":511.77000000},{"Time":"2019-03-26T05:04:20","Situation":"flat","Id":"20005868","Type":"market","Side":"buy","OrderTime":"2019-03-26T05:01:10","Price":16.47660000,"Amount":517.36000000},{"Time":"2019-03-26T05:04:20","Situation":"flat","Id":"20005877","Type":"market","Side":"sell","OrderTime":"2019-03-26T05:01:30","Price":16.47730000,"Amount":527.34000000},{"Time":"2019-03-26T05:04:20","Situation":"flat","Id":"20005878","Type":"market","Side":"sell","OrderTime":"2019-03-26T05:01:42","Price":16.47820000,"Amount":739.40000000},{"Time":"2019-03-26T05:04:20","Situation":"flat","Id":"20005896","Type":"market","Side":"buy","OrderTime":"2019-03-26T05:02:38","Price":16.47800000,"Amount":656.85000000},{"Time":"2019-03-26T05:04:20","Situation":"flat","Id":"20005904","Type":"market","Side":"buy","OrderTime":"2019-03-26T05:03:01","Price":16.48060000,"Amount":555.52000000},{"Time":"2019-03-26T05:04:20","Situation":"flat","Id":"20005929","Type":"market","Side":"sell","OrderTime":"2019-03-26T05:03:41","Price":16.50400000,"Amount":586.74000000},{"Time":"2019-03-26T05:04:20","Situation":"flat","Id":"20005947","Type":"market","Side":"buy","OrderTime":"2019-03-26T05:04:06","Price":16.52100000,"Amount":554.50000000},{"Time":"2019-03-26T05:09:21","Situation":"flat","Id":"20005953","Type":"market","Side":"buy","OrderTime":"2019-03-26T05:04:39","Price":16.51980000,"Amount":737.87000000},{"Time":"2019-03-26T05:09:21","Situation":"flat","Id":"20005963","Type":"market","Side":"sell","OrderTime":"2019-03-26T05:05:05","Price":16.51720000,"Amount":1089.35000000},{"Time":"2019-03-26T05:09:21","Situation":"flat","Id":"20005981","Type":"market","Side":"sell","OrderTime":"2019-03-26T05:06:28","Price":16.50870000,"Amount":870.73000000},{"Time":"2019-03-26T05:09:21","Situation":"flat","Id":"20006000","Type":"market","Side":"buy","OrderTime":"2019-03-26T05:07:19","Price":16.49880000,"Amount":561.28000000},{"Time":"2019-03-26T05:09:21","Situation":"flat","Id":"20006007","Type":"market","Side":"sell","OrderTime":"2019-03-26T05:08:29","Price":16.50500000,"Amount":792.54000000},{"Time":"2019-03-26T05:09:21","Situation":"flat","Id":"20006015","Type":"market","Side":"sell","OrderTime":"2019-03-26T05:08:37","Price":16.50120000,"Amount":507.75000000},{"Time":"2019-03-26T05:14:25","Situation":"flat","Id":"20006033","Type":"market","Side":"sell","OrderTime":"2019-03-26T05:10:07","Price":16.50080000,"Amount":571.22000000},{"Time":"2019-03-26T05:14:25","Situation":"flat","Id":"20006047","Type":"market","Side":"buy","OrderTime":"2019-03-26T05:11:23","Price":16.50090000,"Amount":822.67000000},{"Time":"2019-03-26T05:14:25","Situation":"flat","Id":"20006083","Type":"market","Side":"sell","OrderTime":"2019-03-26T05:13:37","Price":16.51150000,"Amount":639.17000000},{"Time":"2019-03-26T05:14:25","Situation":"flat","Id":"20006084","Type":"market","Side":"sell","OrderTime":"2019-03-26T05:13:51","Price":16.50950000,"Amount":612.94000000},{"Time":"2019-03-26T05:14:25","Situation":"flat","Id":"20006089","Type":"market","Side":"sell","OrderTime":"2019-03-26T05:14:08","Price":16.50390000,"Amount":637.12000000},{"Time":"2019-03-26T05:19:25","Situation":"flat","Id":"20006093","Type":"market","Side":"buy","OrderTime":"2019-03-26T05:14:59","Price":16.49990000,"Amount":714.06000000},{"Time":"2019-03-26T05:19:25","Situation":"flat","Id":"20006115","Type":"market","Side":"sell","OrderTime":"2019-03-26T05:16:39","Price":16.50920000,"Amount":912.65000000},{"Time":"2019-03-26T05:19:25","Situation":"flat","Id":"20006117","Type":"market","Side":"buy","OrderTime":"2019-03-26T05:16:55","Price":16.51160000,"Amount":600.39000000},{"Time":"2019-03-26T05:19:25","Situation":"flat","Id":"20006118","Type":"market","Side":"sell","OrderTime":"2019-03-26T05:17:12","Price":16.50930000,"Amount":722.65000000},{"Time":"2019-03-26T05:24:25","Situation":"flat","Id":"20006160","Type":"market","Side":"buy","OrderTime":"2019-03-26T05:20:26","Price":16.51800000,"Amount":606.71000000},{"Time":"2019-03-26T05:24:25","Situation":"flat","Id":"20006174","Type":"market","Side":"buy","OrderTime":"2019-03-26T05:21:25","Price":16.54400000,"Amount":580.00000000},{"Time":"2019-03-26T05:24:25","Situation":"flat","Id":"20006184","Type":"market","Side":"sell","OrderTime":"2019-03-26T05:21:48","Price":16.55090000,"Amount":502.64000000},{"Time":"2019-03-26T05:24:25","Situation":"flat","Id":"20006208","Type":"market","Side":"buy","OrderTime":"2019-03-26T05:22:26","Price":16.55760000,"Amount":746.78000000},{"Time":"2019-03-26T05:24:25","Situation":"flat","Id":"20006214","Type":"market","Side":"buy","OrderTime":"2019-03-26T05:22:36","Price":16.55670000,"Amount":620.00000000},{"Time":"2019-03-26T05:24:25","Situation":"flat","Id":"20006224","Type":"market","Side":"buy","OrderTime":"2019-03-26T05:22:53","Price":16.55830000,"Amount":565.87000000},{"Time":"2019-03-26T05:24:25","Situation":"flat","Id":"20006240","Type":"market","Side":"buy","OrderTime":"2019-03-26T05:23:42","Price":16.56590000,"Amount":710.12000000},{"Time":"2019-03-26T05:24:25","Situation":"flat","Id":"20006258","Type":"market","Side":"buy","OrderTime":"2019-03-26T05:23:51","Price":16.56330000,"Amount":539.53000000},{"Time":"2019-03-26T05:29:26","Situation":"flat","Id":"20006269","Type":"market","Side":"buy","OrderTime":"2019-03-26T05:25:14","Price":16.56450000,"Amount":885.93000000},{"Time":"2019-03-26T05:29:26","Situation":"flat","Id":"20006297","Type":"market","Side":"buy","OrderTime":"2019-03-26T05:27:12","Price":16.55960000,"Amount":739.24000000},{"Time":"2019-03-26T05:34:30","Situation":"flat","Id":"20006359","Type":"market","Side":"buy","OrderTime":"2019-03-26T05:29:52","Price":16.54860000,"Amount":511.52000000},{"Time":"2019-03-26T05:34:30","Situation":"flat","Id":"20006373","Type":"market","Side":"buy","OrderTime":"2019-03-26T05:30:04","Price":16.56800000,"Amount":655.54000000},{"Time":"2019-03-26T05:34:30","Situation":"flat","Id":"20006518","Type":"market","Side":"buy","OrderTime":"2019-03-26T05:34:00","Price":16.53750000,"Amount":928.97000000},{"Time":"2019-03-26T05:34:30","Situation":"flat","Id":"20006580","Type":"market","Side":"sell","OrderTime":"2019-03-26T05:34:22","Price":16.51510000,"Amount":509.10000000},{"Time":"2019-03-26T05:39:30","Situation":"flat","Id":"20006608","Type":"market","Side":"buy","OrderTime":"2019-03-26T05:35:31","Price":16.53750000,"Amount":673.69000000},{"Time":"2019-03-26T05:44:30","Situation":"flat","Id":"20006887","Type":"market","Side":"buy","OrderTime":"2019-03-26T05:43:50","Price":16.48000000,"Amount":831.95000000},{"Time":"2019-03-26T05:49:32","Situation":"flat","Id":"20007085","Type":"market","Side":"buy","OrderTime":"2019-03-26T05:46:37","Price":16.47000000,"Amount":659.30000000},{"Time":"2019-03-26T05:49:32","Situation":"flat","Id":"20007113","Type":"market","Side":"sell","OrderTime":"2019-03-26T05:47:54","Price":16.46400000,"Amount":675.00000000},{"Time":"2019-03-26T05:49:32","Situation":"flat","Id":"20007116","Type":"market","Side":"sell","OrderTime":"2019-03-26T05:47:58","Price":16.46400000,"Amount":588.15000000},{"Time":"2019-03-26T06:04:39","Situation":"flat","Id":"20007516","Type":"market","Side":"sell","OrderTime":"2019-03-26T06:00:30","Price":16.40000000,"Amount":995.75000000},{"Time":"2019-03-26T06:29:45","Situation":"flat","Id":"20008554","Type":"market","Side":"buy","OrderTime":"2019-03-26T06:28:59","Price":16.35000000,"Amount":533.21000000},{"Time":"2019-03-26T06:49:51","Situation":"flat","Id":"20009024","Type":"market","Side":"buy","OrderTime":"2019-03-26T06:49:45","Price":16.31540000,"Amount":608.03000000},{"Time":"2019-03-26T06:54:54","Situation":"flat","Id":"20009059","Type":"market","Side":"sell","OrderTime":"2019-03-26T06:51:39","Price":16.30000000,"Amount":817.60000000},{"Time":"2019-03-26T06:54:54","Situation":"flat","Id":"20009064","Type":"market","Side":"sell","OrderTime":"2019-03-26T06:51:46","Price":16.30000000,"Amount":551.52000000},{"Time":"2019-03-26T06:54:54","Situation":"flat","Id":"20009071","Type":"market","Side":"sell","OrderTime":"2019-03-26T06:52:14","Price":16.30000000,"Amount":813.07000000},{"Time":"2019-03-26T06:54:54","Situation":"flat","Id":"20009076","Type":"market","Side":"buy","OrderTime":"2019-03-26T06:52:22","Price":16.29930000,"Amount":514.90000000},{"Time":"2019-03-26T06:59:55","Situation":"flat","Id":"20009224","Type":"market","Side":"sell","OrderTime":"2019-03-26T06:55:27","Price":16.26700000,"Amount":500.00000000},{"Time":"2019-03-26T06:59:55","Situation":"flat","Id":"20009235","Type":"market","Side":"sell","OrderTime":"2019-03-26T06:55:28","Price":16.26000000,"Amount":1087.50000000},{"Time":"2019-03-26T06:59:55","Situation":"flat","Id":"20009285","Type":"market","Side":"buy","OrderTime":"2019-03-26T06:56:18","Price":16.30000000,"Amount":597.90000000},{"Time":"2019-03-26T06:59:55","Situation":"flat","Id":"20009291","Type":"market","Side":"sell","OrderTime":"2019-03-26T06:56:20","Price":16.29620000,"Amount":512.57000000},{"Time":"2019-03-26T06:59:55","Situation":"flat","Id":"20009321","Type":"market","Side":"buy","OrderTime":"2019-03-26T06:56:41","Price":16.33060000,"Amount":521.06000000},{"Time":"2019-03-26T06:59:55","Situation":"flat","Id":"20009324","Type":"market","Side":"sell","OrderTime":"2019-03-26T06:56:45","Price":16.32830000,"Amount":900.00000000},{"Time":"2019-03-26T07:09:59","Situation":"flat","Id":"20009467","Type":"market","Side":"sell","OrderTime":"2019-03-26T07:05:36","Price":16.30440000,"Amount":510.61000000},{"Time":"2019-03-26T07:09:59","Situation":"flat","Id":"20009543","Type":"market","Side":"sell","OrderTime":"2019-03-26T07:06:50","Price":16.34000000,"Amount":620.62000000},{"Time":"2019-03-26T07:15:00","Situation":"flat","Id":"20009809","Type":"market","Side":"buy","OrderTime":"2019-03-26T07:13:11","Price":16.33850000,"Amount":1221.75000000},{"Time":"2019-03-26T07:25:10","Situation":"flat","Id":"20010035","Type":"market","Side":"buy","OrderTime":"2019-03-26T07:21:05","Price":16.30920000,"Amount":521.52000000},{"Time":"2019-03-26T07:28:31","Situation":"trend","Id":"20010352","Type":"market","Side":"sell","OrderTime":"2019-03-26T07:28:30","Price":16.25000000,"Amount":859.26000000},{"Time":"2019-03-26T07:33:35","Situation":"flat","Id":"20010400","Type":"market","Side":"sell","OrderTime":"2019-03-26T07:29:02","Price":16.23640000,"Amount":571.13000000},{"Time":"2019-03-26T07:33:35","Situation":"flat","Id":"20010668","Type":"market","Side":"sell","OrderTime":"2019-03-26T07:31:28","Price":16.21000000,"Amount":1907.77000000},{"Time":"2019-03-26T07:33:35","Situation":"flat","Id":"20010678","Type":"market","Side":"sell","OrderTime":"2019-03-26T07:31:28","Price":16.20500000,"Amount":500.00000000},{"Time":"2019-03-26T07:33:35","Situation":"flat","Id":"20010689","Type":"market","Side":"sell","OrderTime":"2019-03-26T07:31:28","Price":16.20000000,"Amount":4047.07000000},{"Time":"2019-03-26T07:33:35","Situation":"flat","Id":"20010702","Type":"market","Side":"sell","OrderTime":"2019-03-26T07:31:32","Price":16.20000000,"Amount":1170.10000000},{"Time":"2019-03-26T07:43:39","Situation":"flat","Id":"20011059","Type":"market","Side":"buy","OrderTime":"2019-03-26T07:42:27","Price":16.20990000,"Amount":676.58000000},{"Time":"2019-03-26T07:48:43","Situation":"flat","Id":"20011248","Type":"market","Side":"sell","OrderTime":"2019-03-26T07:45:13","Price":16.25410000,"Amount":607.86000000},{"Time":"2019-03-26T07:48:43","Situation":"flat","Id":"20011272","Type":"market","Side":"buy","OrderTime":"2019-03-26T07:45:42","Price":16.23650000,"Amount":716.32000000},{"Time":"2019-03-26T07:48:43","Situation":"flat","Id":"20011315","Type":"market","Side":"buy","OrderTime":"2019-03-26T07:47:51","Price":16.25070000,"Amount":642.04000000},{"Time":"2019-03-26T07:53:45","Situation":"flat","Id":"20011351","Type":"market","Side":"buy","OrderTime":"2019-03-26T07:49:47","Price":16.25070000,"Amount":551.54000000},{"Time":"2019-03-26T07:58:49","Situation":"flat","Id":"20011443","Type":"market","Side":"buy","OrderTime":"2019-03-26T07:54:35","Price":16.22320000,"Amount":549.72000000},{"Time":"2019-03-26T08:03:50","Situation":"flat","Id":"20011661","Type":"market","Side":"sell","OrderTime":"2019-03-26T07:59:33","Price":16.22330000,"Amount":879.26000000},{"Time":"2019-03-26T08:03:50","Situation":"flat","Id":"20011737","Type":"market","Side":"sell","OrderTime":"2019-03-26T07:59:53","Price":16.20000000,"Amount":816.96000000},{"Time":"2019-03-26T08:13:55","Situation":"flat","Id":"20012241","Type":"market","Side":"sell","OrderTime":"2019-03-26T08:09:21","Price":16.22560000,"Amount":540.36000000},{"Time":"2019-03-26T08:14:56","Situation":"trend","Id":"20012542","Type":"market","Side":"sell","OrderTime":"2019-03-26T08:14:31","Price":16.28000000,"Amount":1370.27000000},{"Time":"2019-03-26T08:24:59","Situation":"flat","Id":"20012893","Type":"market","Side":"buy","OrderTime":"2019-03-26T08:21:48","Price":16.27520000,"Amount":528.99000000},{"Time":"2019-03-26T08:30:04","Situation":"flat","Id":"20013092","Type":"market","Side":"buy","OrderTime":"2019-03-26T08:27:06","Price":16.26800000,"Amount":3362.21000000},{"Time":"2019-03-26T08:30:04","Situation":"flat","Id":"20013163","Type":"market","Side":"sell","OrderTime":"2019-03-26T08:29:11","Price":16.28630000,"Amount":758.67000000},{"Time":"2019-03-26T09:00:12","Situation":"flat","Id":"20014264","Type":"market","Side":"sell","OrderTime":"2019-03-26T08:55:36","Price":16.32500000,"Amount":1113.87000000},{"Time":"2019-03-26T09:04:27","Situation":"trend","Id":"20014514","Type":"market","Side":"sell","OrderTime":"2019-03-26T09:01:41","Price":16.32880000,"Amount":578.24000000},{"Time":"2019-03-26T09:04:27","Situation":"trend","Id":"20014553","Type":"market","Side":"buy","OrderTime":"2019-03-26T09:04:05","Price":16.34020000,"Amount":550.74000000},{"Time":"2019-03-26T09:21:00","Situation":"flat","Id":"20015446","Type":"market","Side":"sell","OrderTime":"2019-03-26T09:19:04","Price":16.26100000,"Amount":1541.26000000},{"Time":"2019-03-26T09:27:26","Situation":"flat","Id":"20015652","Type":"market","Side":"sell","OrderTime":"2019-03-26T09:26:24","Price":16.26050000,"Amount":777.94000000},{"Time":"2019-03-26T09:32:26","Situation":"flat","Id":"20015880","Type":"market","Side":"sell","OrderTime":"2019-03-26T09:31:44","Price":16.26010000,"Amount":500.00000000},{"Time":"2019-03-26T09:41:06","Situation":"flat","Id":"20016213","Type":"market","Side":"buy","OrderTime":"2019-03-26T09:39:27","Price":16.23740000,"Amount":564.37000000},{"Time":"2019-03-26T09:57:30","Situation":"flat","Id":"20016881","Type":"market","Side":"sell","OrderTime":"2019-03-26T09:57:29","Price":16.20000000,"Amount":611.31000000},{"Time":"2019-03-26T10:06:16","Situation":"flat","Id":"20017296","Type":"market","Side":"sell","OrderTime":"2019-03-26T10:04:01","Price":16.20000000,"Amount":1092.17000000},{"Time":"2019-03-26T10:06:16","Situation":"flat","Id":"20017385","Type":"market","Side":"sell","OrderTime":"2019-03-26T10:05:31","Price":16.20050000,"Amount":900.00000000},{"Time":"2019-03-26T10:07:35","Situation":"flat","Id":"20017442","Type":"market","Side":"buy","OrderTime":"2019-03-26T10:06:46","Price":16.24730000,"Amount":571.54000000},{"Time":"2019-03-26T10:15:36","Situation":"flat","Id":"20017636","Type":"market","Side":"buy","OrderTime":"2019-03-26T10:10:42","Price":16.28560000,"Amount":800.00000000},{"Time":"2019-03-26T10:15:36","Situation":"flat","Id":"20017663","Type":"market","Side":"buy","OrderTime":"2019-03-26T10:11:18","Price":16.27750000,"Amount":737.49000000},{"Time":"2019-03-26T10:15:36","Situation":"flat","Id":"20017665","Type":"market","Side":"buy","OrderTime":"2019-03-26T10:11:26","Price":16.27290000,"Amount":579.66000000},{"Time":"2019-03-26T10:15:36","Situation":"flat","Id":"20017711","Type":"market","Side":"buy","OrderTime":"2019-03-26T10:12:46","Price":16.26520000,"Amount":551.22000000},{"Time":"2019-03-26T10:15:36","Situation":"flat","Id":"20017744","Type":"market","Side":"buy","OrderTime":"2019-03-26T10:14:54","Price":16.26970000,"Amount":764.99000000},{"Time":"2019-03-26T10:20:39","Situation":"flat","Id":"20017774","Type":"market","Side":"buy","OrderTime":"2019-03-26T10:16:36","Price":16.25820000,"Amount":541.14000000},{"Time":"2019-03-26T10:25:42","Situation":"flat","Id":"20017865","Type":"market","Side":"sell","OrderTime":"2019-03-26T10:21:44","Price":16.28000000,"Amount":675.00000000},{"Time":"2019-03-26T10:25:42","Situation":"flat","Id":"20017873","Type":"market","Side":"sell","OrderTime":"2019-03-26T10:22:03","Price":16.28220000,"Amount":725.47000000},{"Time":"2019-03-26T10:25:42","Situation":"flat","Id":"20017905","Type":"market","Side":"buy","OrderTime":"2019-03-26T10:22:54","Price":16.29180000,"Amount":662.41000000},{"Time":"2019-03-26T10:30:46","Situation":"flat","Id":"20017988","Type":"market","Side":"buy","OrderTime":"2019-03-26T10:26:33","Price":16.28990000,"Amount":888.19000000},{"Time":"2019-03-26T10:30:46","Situation":"flat","Id":"20018014","Type":"market","Side":"sell","OrderTime":"2019-03-26T10:27:26","Price":16.28000000,"Amount":634.54000000},{"Time":"2019-03-26T10:35:49","Situation":"flat","Id":"20018132","Type":"market","Side":"buy","OrderTime":"2019-03-26T10:31:15","Price":16.30540000,"Amount":576.52000000},{"Time":"2019-03-26T10:35:49","Situation":"flat","Id":"20018205","Type":"market","Side":"buy","OrderTime":"2019-03-26T10:33:43","Price":16.27670000,"Amount":525.45000000},{"Time":"2019-03-26T10:35:49","Situation":"flat","Id":"20018217","Type":"market","Side":"buy","OrderTime":"2019-03-26T10:34:22","Price":16.28600000,"Amount":706.73000000},{"Time":"2019-03-26T10:35:49","Situation":"flat","Id":"20018223","Type":"market","Side":"buy","OrderTime":"2019-03-26T10:35:16","Price":16.28800000,"Amount":655.49000000},{"Time":"2019-03-26T10:40:50","Situation":"flat","Id":"20018271","Type":"market","Side":"buy","OrderTime":"2019-03-26T10:35:54","Price":16.31050000,"Amount":645.38000000},{"Time":"2019-03-26T10:50:54","Situation":"flat","Id":"20018547","Type":"market","Side":"buy","OrderTime":"2019-03-26T10:48:39","Price":16.28010000,"Amount":547.60000000},{"Time":"2019-03-26T11:00:56","Situation":"flat","Id":"20018759","Type":"market","Side":"sell","OrderTime":"2019-03-26T10:58:54","Price":16.27000000,"Amount":1435.77000000},{"Time":"2019-03-26T11:11:00","Situation":"flat","Id":"20018951","Type":"market","Side":"sell","OrderTime":"2019-03-26T11:08:49","Price":16.24220000,"Amount":935.06000000},{"Time":"2019-03-26T11:11:00","Situation":"flat","Id":"20018961","Type":"market","Side":"sell","OrderTime":"2019-03-26T11:09:06","Price":16.24150000,"Amount":3653.79000000},{"Time":"2019-03-26T11:11:00","Situation":"flat","Id":"20018966","Type":"market","Side":"sell","OrderTime":"2019-03-26T11:09:09","Price":16.24150000,"Amount":915.50000000},{"Time":"2019-03-26T11:16:00","Situation":"flat","Id":"20019018","Type":"market","Side":"sell","OrderTime":"2019-03-26T11:11:22","Price":16.24000000,"Amount":500.49000000},{"Time":"2019-03-26T11:16:00","Situation":"flat","Id":"20019020","Type":"market","Side":"sell","OrderTime":"2019-03-26T11:11:28","Price":16.24000000,"Amount":942.57000000},{"Time":"2019-03-26T11:20:49","Situation":"trend","Id":"20019224","Type":"market","Side":"sell","OrderTime":"2019-03-26T11:17:54","Price":16.20800000,"Amount":554.26000000},{"Time":"2019-03-26T11:20:49","Situation":"trend","Id":"20019227","Type":"market","Side":"sell","OrderTime":"2019-03-26T11:17:54","Price":16.20730000,"Amount":628.12000000},{"Time":"2019-03-26T11:20:49","Situation":"trend","Id":"20019249","Type":"market","Side":"sell","OrderTime":"2019-03-26T11:18:36","Price":16.20730000,"Amount":3486.51000000},{"Time":"2019-03-26T11:20:49","Situation":"trend","Id":"20019254","Type":"market","Side":"sell","OrderTime":"2019-03-26T11:18:50","Price":16.20730000,"Amount":792.95000000},{"Time":"2019-03-26T11:20:49","Situation":"trend","Id":"20019260","Type":"market","Side":"sell","OrderTime":"2019-03-26T11:18:50","Price":16.20010000,"Amount":526.78000000},{"Time":"2019-03-26T11:20:49","Situation":"trend","Id":"20019261","Type":"market","Side":"sell","OrderTime":"2019-03-26T11:18:50","Price":16.20000000,"Amount":8151.80000000},{"Time":"2019-03-26T11:20:49","Situation":"trend","Id":"20019269","Type":"market","Side":"sell","OrderTime":"2019-03-26T11:18:54","Price":16.20000000,"Amount":504.28000000},{"Time":"2019-03-26T11:20:49","Situation":"trend","Id":"20019270","Type":"market","Side":"sell","OrderTime":"2019-03-26T11:18:54","Price":16.20000000,"Amount":930.12000000},{"Time":"2019-03-26T11:20:49","Situation":"trend","Id":"20019271","Type":"market","Side":"sell","OrderTime":"2019-03-26T11:18:54","Price":16.19990000,"Amount":989.98000000},{"Time":"2019-03-26T11:25:51","Situation":"flat","Id":"20019595","Type":"market","Side":"sell","OrderTime":"2019-03-26T11:21:51","Price":16.15450000,"Amount":529.13000000},{"Time":"2019-03-26T11:25:51","Situation":"flat","Id":"20019645","Type":"market","Side":"sell","OrderTime":"2019-03-26T11:23:15","Price":16.14610000,"Amount":586.22000000},{"Time":"2019-03-26T11:25:51","Situation":"flat","Id":"20019859","Type":"market","Side":"sell","OrderTime":"2019-03-26T11:25:20","Price":16.11000000,"Amount":729.78000000},{"Time":"2019-03-26T11:25:51","Situation":"flat","Id":"20019865","Type":"market","Side":"sell","OrderTime":"2019-03-26T11:25:28","Price":16.11000000,"Amount":639.09000000},{"Time":"2019-03-26T11:25:51","Situation":"flat","Id":"20019871","Type":"market","Side":"sell","OrderTime":"2019-03-26T11:25:28","Price":16.10800000,"Amount":1085.55000000},{"Time":"2019-03-26T11:25:51","Situation":"flat","Id":"20019900","Type":"market","Side":"sell","OrderTime":"2019-03-26T11:25:40","Price":16.10000000,"Amount":580.00000000},{"Time":"2019-03-26T11:25:51","Situation":"flat","Id":"20019910","Type":"market","Side":"sell","OrderTime":"2019-03-26T11:25:46","Price":16.10000000,"Amount":688.66000000},{"Time":"2019-03-26T11:27:39","Situation":"trend","Id":"20019915","Type":"market","Side":"sell","OrderTime":"2019-03-26T11:25:54","Price":16.10000000,"Amount":814.35000000},{"Time":"2019-03-26T11:27:39","Situation":"trend","Id":"20019934","Type":"market","Side":"sell","OrderTime":"2019-03-26T11:26:09","Price":16.10000000,"Amount":933.86000000},{"Time":"2019-03-26T11:27:39","Situation":"trend","Id":"20019983","Type":"market","Side":"sell","OrderTime":"2019-03-26T11:26:19","Price":16.08000000,"Amount":771.61000000},{"Time":"2019-03-26T11:27:39","Situation":"trend","Id":"20019999","Type":"market","Side":"buy","OrderTime":"2019-03-26T11:26:19","Price":16.09900000,"Amount":1009.41000000},{"Time":"2019-03-26T11:32:39","Situation":"flat","Id":"20020428","Type":"market","Side":"sell","OrderTime":"2019-03-26T11:30:54","Price":16.19000000,"Amount":738.37000000},{"Time":"2019-03-26T11:37:41","Situation":"flat","Id":"20020624","Type":"market","Side":"buy","OrderTime":"2019-03-26T11:35:01","Price":16.12910000,"Amount":927.58000000},{"Time":"2019-03-26T11:47:07","Situation":"trend","Id":"20020844","Type":"market","Side":"sell","OrderTime":"2019-03-26T11:42:51","Price":16.11000000,"Amount":1527.88000000},{"Time":"2019-03-26T11:52:09","Situation":"flat","Id":"20021289","Type":"market","Side":"buy","OrderTime":"2019-03-26T11:49:38","Price":16.08970000,"Amount":598.87000000},{"Time":"2019-03-26T11:57:09","Situation":"flat","Id":"20021379","Type":"market","Side":"sell","OrderTime":"2019-03-26T11:52:19","Price":16.09000000,"Amount":670.12000000},{"Time":"2019-03-26T11:57:09","Situation":"flat","Id":"20021380","Type":"market","Side":"sell","OrderTime":"2019-03-26T11:52:19","Price":16.09000000,"Amount":675.00000000},{"Time":"2019-03-26T12:05:57","Situation":"flat","Id":"20022362","Type":"market","Side":"buy","OrderTime":"2019-03-26T12:05:40","Price":16.03000000,"Amount":1334.96000000},{"Time":"2019-03-26T12:11:00","Situation":"flat","Id":"20022572","Type":"market","Side":"sell","OrderTime":"2019-03-26T12:09:27","Price":16.05450000,"Amount":597.60000000},{"Time":"2019-03-26T12:13:30","Situation":"trend","Id":"20022623","Type":"market","Side":"buy","OrderTime":"2019-03-26T12:11:02","Price":16.03740000,"Amount":698.00000000},{"Time":"2019-03-26T12:13:30","Situation":"trend","Id":"20022675","Type":"market","Side":"buy","OrderTime":"2019-03-26T12:11:35","Price":16.06360000,"Amount":501.61000000},{"Time":"2019-03-26T12:13:30","Situation":"trend","Id":"20022740","Type":"market","Side":"sell","OrderTime":"2019-03-26T12:12:46","Price":16.01000000,"Amount":887.38000000},{"Time":"2019-03-26T12:13:30","Situation":"trend","Id":"20022831","Type":"market","Side":"sell","OrderTime":"2019-03-26T12:13:25","Price":16.00000000,"Amount":599.55000000},{"Time":"2019-03-26T12:13:30","Situation":"trend","Id":"20022898","Type":"market","Side":"sell","OrderTime":"2019-03-26T12:13:26","Price":16.00000000,"Amount":5590.10000000},{"Time":"2019-03-26T12:13:30","Situation":"trend","Id":"20022906","Type":"market","Side":"sell","OrderTime":"2019-03-26T12:13:29","Price":16.00000000,"Amount":1146.49000000},{"Time":"2019-03-26T12:18:31","Situation":"flat","Id":"20023168","Type":"market","Side":"buy","OrderTime":"2019-03-26T12:14:10","Price":16.00000000,"Amount":1717.59000000},{"Time":"2019-03-26T12:18:31","Situation":"flat","Id":"20023196","Type":"market","Side":"sell","OrderTime":"2019-03-26T12:14:38","Price":16.00000000,"Amount":567.80000000},{"Time":"2019-03-26T12:18:31","Situation":"flat","Id":"20023387","Type":"market","Side":"sell","OrderTime":"2019-03-26T12:18:19","Price":15.96680000,"Amount":510.40000000},{"Time":"2019-03-26T12:18:36","Situation":"flat","Id":"20023399","Type":"market","Side":"sell","OrderTime":"2019-03-26T12:18:34","Price":15.96000000,"Amount":1339.71000000},{"Time":"2019-03-26T12:19:39","Situation":"trend","Id":"20023594","Type":"market","Side":"sell","OrderTime":"2019-03-26T12:18:59","Price":15.90000000,"Amount":2683.47000000},{"Time":"2019-03-26T12:23:17","Situation":"trend","Id":"20023754","Type":"market","Side":"sell","OrderTime":"2019-03-26T12:20:01","Price":15.88660000,"Amount":1982.62000000},{"Time":"2019-03-26T12:23:17","Situation":"trend","Id":"20023802","Type":"market","Side":"sell","OrderTime":"2019-03-26T12:20:01","Price":15.85000000,"Amount":1129.51000000},{"Time":"2019-03-26T12:23:17","Situation":"trend","Id":"20024025","Type":"market","Side":"buy","OrderTime":"2019-03-26T12:20:57","Price":15.86000000,"Amount":784.03000000},{"Time":"2019-03-26T12:23:17","Situation":"trend","Id":"20024165","Type":"market","Side":"buy","OrderTime":"2019-03-26T12:22:37","Price":15.90400000,"Amount":543.26000000},{"Time":"2019-03-26T12:26:52","Situation":"trend","Id":"20024312","Type":"market","Side":"buy","OrderTime":"2019-03-26T12:23:49","Price":15.97230000,"Amount":1306.77000000},{"Time":"2019-03-26T12:26:52","Situation":"trend","Id":"20024383","Type":"market","Side":"buy","OrderTime":"2019-03-26T12:24:52","Price":15.95590000,"Amount":509.31000000},{"Time":"2019-03-26T12:26:52","Situation":"trend","Id":"20024385","Type":"market","Side":"buy","OrderTime":"2019-03-26T12:24:52","Price":15.95590000,"Amount":732.76000000},{"Time":"2019-03-26T12:26:52","Situation":"trend","Id":"20024485","Type":"market","Side":"buy","OrderTime":"2019-03-26T12:26:34","Price":15.94320000,"Amount":606.87000000},{"Time":"2019-03-26T12:30:32","Situation":"trend","Id":"20024618","Type":"market","Side":"buy","OrderTime":"2019-03-26T12:26:59","Price":15.86500000,"Amount":718.37000000},{"Time":"2019-03-26T12:30:32","Situation":"trend","Id":"20024683","Type":"market","Side":"buy","OrderTime":"2019-03-26T12:28:08","Price":15.89170000,"Amount":609.06000000},{"Time":"2019-03-26T12:30:32","Situation":"trend","Id":"20024810","Type":"market","Side":"buy","OrderTime":"2019-03-26T12:29:28","Price":15.85000000,"Amount":548.86000000},{"Time":"2019-03-26T12:30:32","Situation":"trend","Id":"20024979","Type":"market","Side":"buy","OrderTime":"2019-03-26T12:29:50","Price":15.83000000,"Amount":768.01000000},{"Time":"2019-03-26T12:30:32","Situation":"trend","Id":"20025065","Type":"market","Side":"buy","OrderTime":"2019-03-26T12:30:08","Price":15.84650000,"Amount":554.83000000},{"Time":"2019-03-26T12:31:39","Situation":"trend","Id":"20025175","Type":"market","Side":"sell","OrderTime":"2019-03-26T12:30:40","Price":15.88560000,"Amount":675.00000000},{"Time":"2019-03-26T12:31:39","Situation":"trend","Id":"20025269","Type":"market","Side":"buy","OrderTime":"2019-03-26T12:31:19","Price":15.86520000,"Amount":738.47000000},{"Time":"2019-03-26T12:36:40","Situation":"flat","Id":"20025371","Type":"market","Side":"buy","OrderTime":"2019-03-26T12:32:02","Price":15.84540000,"Amount":7009.74000000},{"Time":"2019-03-26T12:36:40","Situation":"flat","Id":"20025372","Type":"market","Side":"buy","OrderTime":"2019-03-26T12:32:02","Price":15.84540000,"Amount":500.00000000},{"Time":"2019-03-26T12:36:40","Situation":"flat","Id":"20025401","Type":"market","Side":"sell","OrderTime":"2019-03-26T12:32:19","Price":15.86000000,"Amount":725.02000000},{"Time":"2019-03-26T12:36:40","Situation":"flat","Id":"20025453","Type":"market","Side":"buy","OrderTime":"2019-03-26T12:32:36","Price":15.83110000,"Amount":597.92000000},{"Time":"2019-03-26T12:36:40","Situation":"flat","Id":"20025456","Type":"market","Side":"sell","OrderTime":"2019-03-26T12:32:38","Price":15.83110000,"Amount":644.66000000},{"Time":"2019-03-26T12:36:40","Situation":"flat","Id":"20025475","Type":"market","Side":"sell","OrderTime":"2019-03-26T12:32:43","Price":15.81880000,"Amount":659.84000000},{"Time":"2019-03-26T12:36:40","Situation":"flat","Id":"20025488","Type":"market","Side":"buy","OrderTime":"2019-03-26T12:32:50","Price":15.85200000,"Amount":1503.54000000},{"Time":"2019-03-26T12:36:40","Situation":"flat","Id":"20025551","Type":"market","Side":"sell","OrderTime":"2019-03-26T12:33:19","Price":15.85160000,"Amount":500.00000000},{"Time":"2019-03-26T12:36:40","Situation":"flat","Id":"20025615","Type":"market","Side":"buy","OrderTime":"2019-03-26T12:35:00","Price":15.86010000,"Amount":661.12000000},{"Time":"2019-03-26T12:36:40","Situation":"flat","Id":"20025627","Type":"market","Side":"sell","OrderTime":"2019-03-26T12:35:03","Price":15.84470000,"Amount":1946.89000000},{"Time":"2019-03-26T12:39:23","Situation":"trend","Id":"20025883","Type":"market","Side":"sell","OrderTime":"2019-03-26T12:38:21","Price":15.84000000,"Amount":1082.16000000},{"Time":"2019-03-26T12:39:23","Situation":"trend","Id":"20025934","Type":"market","Side":"sell","OrderTime":"2019-03-26T12:38:58","Price":15.81280000,"Amount":593.03000000},{"Time":"2019-03-26T12:39:23","Situation":"trend","Id":"20025960","Type":"market","Side":"sell","OrderTime":"2019-03-26T12:39:13","Price":15.80790000,"Amount":1264.93000000},{"Time":"2019-03-26T12:39:23","Situation":"trend","Id":"20025961","Type":"market","Side":"sell","OrderTime":"2019-03-26T12:39:13","Price":15.80770000,"Amount":1000.00000000},{"Time":"2019-03-26T12:41:46","Situation":"trend","Id":"20026122","Type":"market","Side":"sell","OrderTime":"2019-03-26T12:40:24","Price":15.80100000,"Amount":687.49000000},{"Time":"2019-03-26T12:41:46","Situation":"trend","Id":"20026151","Type":"market","Side":"sell","OrderTime":"2019-03-26T12:40:52","Price":15.80000000,"Amount":570.65000000},{"Time":"2019-03-26T12:41:46","Situation":"trend","Id":"20026154","Type":"market","Side":"sell","OrderTime":"2019-03-26T12:40:52","Price":15.80000000,"Amount":1116.75000000},{"Time":"2019-03-26T12:41:46","Situation":"trend","Id":"20026169","Type":"market","Side":"sell","OrderTime":"2019-03-26T12:40:54","Price":15.80000000,"Amount":1231.67000000},{"Time":"2019-03-26T12:41:46","Situation":"trend","Id":"20026263","Type":"market","Side":"sell","OrderTime":"2019-03-26T12:41:06","Price":15.77000000,"Amount":2327.93000000},{"Time":"2019-03-26T12:41:46","Situation":"trend","Id":"20026264","Type":"market","Side":"sell","OrderTime":"2019-03-26T12:41:06","Price":15.77000000,"Amount":1523.17000000},{"Time":"2019-03-26T12:41:46","Situation":"trend","Id":"20026289","Type":"market","Side":"sell","OrderTime":"2019-03-26T12:41:10","Price":15.76000000,"Amount":787.40000000},{"Time":"2019-03-26T12:43:35","Situation":"trend","Id":"20026432","Type":"market","Side":"sell","OrderTime":"2019-03-26T12:41:54","Price":15.75000000,"Amount":500.00000000},{"Time":"2019-03-26T12:43:35","Situation":"trend","Id":"20026433","Type":"market","Side":"sell","OrderTime":"2019-03-26T12:41:54","Price":15.75000000,"Amount":500.00000000},{"Time":"2019-03-26T12:43:35","Situation":"trend","Id":"20026623","Type":"market","Side":"sell","OrderTime":"2019-03-26T12:42:17","Price":15.70000000,"Amount":750.00000000},{"Time":"2019-03-26T12:43:35","Situation":"trend","Id":"20026684","Type":"market","Side":"sell","OrderTime":"2019-03-26T12:42:33","Price":15.70000000,"Amount":895.24000000},{"Time":"2019-03-26T12:43:35","Situation":"trend","Id":"20026685","Type":"market","Side":"sell","OrderTime":"2019-03-26T12:42:33","Price":15.70000000,"Amount":540.00000000},{"Time":"2019-03-26T12:43:35","Situation":"trend","Id":"20026690","Type":"market","Side":"sell","OrderTime":"2019-03-26T12:42:35","Price":15.70000000,"Amount":1355.52000000},{"Time":"2019-03-26T12:43:35","Situation":"trend","Id":"20026744","Type":"market","Side":"buy","OrderTime":"2019-03-26T12:42:53","Price":15.73000000,"Amount":559.79000000},{"Time":"2019-03-26T12:48:16","Situation":"trend","Id":"20027417","Type":"market","Side":"sell","OrderTime":"2019-03-26T12:47:13","Price":15.80000000,"Amount":1680.60000000},{"Time":"2019-03-26T12:49:01","Situation":"trend","Id":"20027541","Type":"market","Side":"buy","OrderTime":"2019-03-26T12:48:30","Price":15.71430000,"Amount":752.01000000},{"Time":"2019-03-26T12:54:06","Situation":"flat","Id":"20027732","Type":"market","Side":"sell","OrderTime":"2019-03-26T12:49:16","Price":15.77600000,"Amount":740.59000000},{"Time":"2019-03-26T12:54:06","Situation":"flat","Id":"20027804","Type":"market","Side":"sell","OrderTime":"2019-03-26T12:49:55","Price":15.75000000,"Amount":594.39000000},{"Time":"2019-03-26T12:54:06","Situation":"flat","Id":"20027835","Type":"market","Side":"sell","OrderTime":"2019-03-26T12:50:06","Price":15.76850000,"Amount":1278.30000000},{"Time":"2019-03-26T12:54:06","Situation":"flat","Id":"20027880","Type":"market","Side":"buy","OrderTime":"2019-03-26T12:50:41","Price":15.74210000,"Amount":638.28000000},{"Time":"2019-03-26T12:54:06","Situation":"flat","Id":"20027942","Type":"market","Side":"sell","OrderTime":"2019-03-26T12:52:23","Price":15.75720000,"Amount":1396.92000000},{"Time":"2019-03-26T12:55:20","Situation":"trend","Id":"20028181","Type":"market","Side":"sell","OrderTime":"2019-03-26T12:54:54","Price":15.68000000,"Amount":1572.71000000},{"Time":"2019-03-26T12:55:20","Situation":"trend","Id":"20028309","Type":"market","Side":"sell","OrderTime":"2019-03-26T12:55:17","Price":15.65000000,"Amount":1222.29000000},{"Time":"2019-03-26T13:00:20","Situation":"flat","Id":"20028420","Type":"market","Side":"sell","OrderTime":"2019-03-26T12:55:34","Price":15.60000000,"Amount":538.93000000},{"Time":"2019-03-26T13:00:20","Situation":"flat","Id":"20028575","Type":"market","Side":"sell","OrderTime":"2019-03-26T12:56:19","Price":15.58000000,"Amount":1190.07000000},{"Time":"2019-03-26T13:00:20","Situation":"flat","Id":"20028738","Type":"market","Side":"buy","OrderTime":"2019-03-26T12:57:15","Price":15.63320000,"Amount":750.84000000},{"Time":"2019-03-26T13:00:20","Situation":"flat","Id":"20028893","Type":"market","Side":"sell","OrderTime":"2019-03-26T12:57:51","Price":15.64590000,"Amount":501.61000000},{"Time":"2019-03-26T13:00:20","Situation":"flat","Id":"20029173","Type":"market","Side":"sell","OrderTime":"2019-03-26T12:58:55","Price":15.65730000,"Amount":1687.39000000},{"Time":"2019-03-26T13:00:20","Situation":"flat","Id":"20029185","Type":"market","Side":"buy","OrderTime":"2019-03-26T12:59:11","Price":15.64000000,"Amount":647.87000000},{"Time":"2019-03-26T13:00:20","Situation":"flat","Id":"20029253","Type":"market","Side":"sell","OrderTime":"2019-03-26T12:59:27","Price":15.60000000,"Amount":556.19000000},{"Time":"2019-03-26T13:01:31","Situation":"trend","Id":"20029437","Type":"market","Side":"sell","OrderTime":"2019-03-26T13:00:24","Price":15.60000000,"Amount":919.03000000},{"Time":"2019-03-26T13:01:31","Situation":"trend","Id":"20029494","Type":"market","Side":"buy","OrderTime":"2019-03-26T13:00:28","Price":15.60660000,"Amount":560.33000000},{"Time":"2019-03-26T13:01:31","Situation":"trend","Id":"20029532","Type":"market","Side":"buy","OrderTime":"2019-03-26T13:00:36","Price":15.64970000,"Amount":507.19000000},{"Time":"2019-03-26T13:01:31","Situation":"trend","Id":"20029550","Type":"market","Side":"buy","OrderTime":"2019-03-26T13:00:38","Price":15.65930000,"Amount":645.68000000},{"Time":"2019-03-26T13:01:31","Situation":"trend","Id":"20029757","Type":"market","Side":"sell","OrderTime":"2019-03-26T13:01:24","Price":15.55020000,"Amount":564.15000000},{"Time":"2019-03-26T13:01:31","Situation":"trend","Id":"20029758","Type":"market","Side":"sell","OrderTime":"2019-03-26T13:01:24","Price":15.55000000,"Amount":849.32000000},{"Time":"2019-03-26T13:04:19","Situation":"trend","Id":"20030394","Type":"market","Side":"sell","OrderTime":"2019-03-26T13:03:22","Price":15.55660000,"Amount":558.53000000},{"Time":"2019-03-26T13:06:48","Situation":"trend","Id":"20030850","Type":"market","Side":"sell","OrderTime":"2019-03-26T13:05:55","Price":15.72970000,"Amount":519.58000000},{"Time":"2019-03-26T13:06:48","Situation":"trend","Id":"20030878","Type":"market","Side":"sell","OrderTime":"2019-03-26T13:06:01","Price":15.73030000,"Amount":1554.67000000},{"Time":"2019-03-26T13:07:16","Situation":"trend","Id":"20031215","Type":"market","Side":"sell","OrderTime":"2019-03-26T13:06:58","Price":15.82100000,"Amount":665.87000000},{"Time":"2019-03-26T13:07:16","Situation":"trend","Id":"20031345","Type":"market","Side":"buy","OrderTime":"2019-03-26T13:07:15","Price":15.90000000,"Amount":1950.60000000},{"Time":"2019-03-26T13:07:16","Situation":"trend","Id":"20031346","Type":"market","Side":"sell","OrderTime":"2019-03-26T13:07:15","Price":15.85820000,"Amount":591.61000000},{"Time":"2019-03-26T13:08:19","Situation":"trend","Id":"20031630","Type":"market","Side":"sell","OrderTime":"2019-03-26T13:08:17","Price":15.90000000,"Amount":644.61000000},{"Time":"2019-03-26T13:09:16","Situation":"trend","Id":"20031798","Type":"market","Side":"sell","OrderTime":"2019-03-26T13:08:57","Price":15.85810000,"Amount":1078.96000000},{"Time":"2019-03-26T13:09:16","Situation":"trend","Id":"20031822","Type":"market","Side":"sell","OrderTime":"2019-03-26T13:09:08","Price":15.85810000,"Amount":758.76000000},{"Time":"2019-03-26T13:11:21","Situation":"trend","Id":"20031900","Type":"market","Side":"sell","OrderTime":"2019-03-26T13:09:24","Price":15.80000000,"Amount":805.79000000},{"Time":"2019-03-26T13:15:25","Situation":"trend","Id":"20032341","Type":"market","Side":"sell","OrderTime":"2019-03-26T13:11:31","Price":15.73400000,"Amount":1681.49000000},{"Time":"2019-03-26T13:15:25","Situation":"trend","Id":"20032650","Type":"market","Side":"sell","OrderTime":"2019-03-26T13:15:20","Price":15.72070000,"Amount":1102.03000000},{"Time":"2019-03-26T13:18:06","Situation":"trend","Id":"20032868","Type":"market","Side":"sell","OrderTime":"2019-03-26T13:17:56","Price":15.65710000,"Amount":742.17000000},{"Time":"2019-03-26T13:20:55","Situation":"trend","Id":"20033130","Type":"market","Side":"buy","OrderTime":"2019-03-26T13:20:53","Price":15.70000000,"Amount":511.27000000},{"Time":"2019-03-26T13:22:53","Situation":"trend","Id":"20033273","Type":"market","Side":"sell","OrderTime":"2019-03-26T13:22:32","Price":15.65000000,"Amount":698.63000000},{"Time":"2019-03-26T13:24:37","Situation":"trend","Id":"20033424","Type":"market","Side":"buy","OrderTime":"2019-03-26T13:24:33","Price":15.70000000,"Amount":507.17000000},{"Time":"2019-03-26T13:24:37","Situation":"trend","Id":"20033427","Type":"market","Side":"sell","OrderTime":"2019-03-26T13:24:33","Price":15.70000000,"Amount":680.28000000},{"Time":"2019-03-26T13:29:06","Situation":"trend","Id":"20033796","Type":"market","Side":"buy","OrderTime":"2019-03-26T13:28:28","Price":15.76000000,"Amount":640.53000000},{"Time":"2019-03-26T13:32:40","Situation":"flat","Id":"20034128","Type":"market","Side":"sell","OrderTime":"2019-03-26T13:31:54","Price":15.76000000,"Amount":520.60000000},{"Time":"2019-03-26T13:43:04","Situation":"flat","Id":"20034700","Type":"market","Side":"buy","OrderTime":"2019-03-26T13:40:03","Price":15.70000000,"Amount":1341.40000000},{"Time":"2019-03-26T13:43:04","Situation":"flat","Id":"20034703","Type":"market","Side":"buy","OrderTime":"2019-03-26T13:40:06","Price":15.70000000,"Amount":1025.70000000},{"Time":"2019-03-26T13:43:04","Situation":"flat","Id":"20034730","Type":"market","Side":"buy","OrderTime":"2019-03-26T13:40:41","Price":15.74720000,"Amount":519.67000000},{"Time":"2019-03-26T13:43:04","Situation":"flat","Id":"20034791","Type":"market","Side":"sell","OrderTime":"2019-03-26T13:41:41","Price":15.73000000,"Amount":546.65000000},{"Time":"2019-03-26T13:43:04","Situation":"flat","Id":"20034853","Type":"market","Side":"buy","OrderTime":"2019-03-26T13:42:08","Price":15.69880000,"Amount":660.27000000},{"Time":"2019-03-26T13:47:46","Situation":"trend","Id":"20034999","Type":"market","Side":"sell","OrderTime":"2019-03-26T13:44:50","Price":15.71000000,"Amount":675.00000000},{"Time":"2019-03-26T13:52:50","Situation":"flat","Id":"20035190","Type":"market","Side":"buy","OrderTime":"2019-03-26T13:47:54","Price":15.80000000,"Amount":682.25000000},{"Time":"2019-03-26T14:00:59","Situation":"trend","Id":"20036060","Type":"market","Side":"buy","OrderTime":"2019-03-26T13:59:54","Price":15.90000000,"Amount":515.67000000},{"Time":"2019-03-26T14:00:59","Situation":"trend","Id":"20036089","Type":"market","Side":"sell","OrderTime":"2019-03-26T14:00:21","Price":15.88110000,"Amount":736.11000000},{"Time":"2019-03-26T14:00:59","Situation":"trend","Id":"20036181","Type":"market","Side":"sell","OrderTime":"2019-03-26T14:00:55","Price":15.81110000,"Amount":2898.06000000},{"Time":"2019-03-26T14:02:29","Situation":"trend","Id":"20036362","Type":"market","Side":"buy","OrderTime":"2019-03-26T14:02:20","Price":15.89000000,"Amount":1759.72000000},{"Time":"2019-03-26T14:06:36","Situation":"trend","Id":"20036580","Type":"market","Side":"buy","OrderTime":"2019-03-26T14:05:30","Price":15.93680000,"Amount":1779.19000000},{"Time":"2019-03-26T14:09:20","Situation":"trend","Id":"20036844","Type":"market","Side":"buy","OrderTime":"2019-03-26T14:07:01","Price":15.99000000,"Amount":978.42000000},{"Time":"2019-03-26T14:09:20","Situation":"trend","Id":"20036858","Type":"market","Side":"buy","OrderTime":"2019-03-26T14:07:06","Price":15.99000000,"Amount":2230.14000000},{"Time":"2019-03-26T14:09:20","Situation":"trend","Id":"20036859","Type":"market","Side":"sell","OrderTime":"2019-03-26T14:07:06","Price":15.99000000,"Amount":839.61000000},{"Time":"2019-03-26T14:09:20","Situation":"trend","Id":"20036998","Type":"market","Side":"sell","OrderTime":"2019-03-26T14:08:30","Price":16.00000000,"Amount":534.90000000},{"Time":"2019-03-26T14:09:20","Situation":"trend","Id":"20037146","Type":"market","Side":"buy","OrderTime":"2019-03-26T14:09:06","Price":16.05000000,"Amount":513.28000000},{"Time":"2019-03-26T14:11:52","Situation":"trend","Id":"20037274","Type":"market","Side":"buy","OrderTime":"2019-03-26T14:09:43","Price":16.06680000,"Amount":600.54000000},{"Time":"2019-03-26T14:11:52","Situation":"trend","Id":"20037329","Type":"market","Side":"sell","OrderTime":"2019-03-26T14:10:06","Price":16.08640000,"Amount":542.20000000},{"Time":"2019-03-26T14:11:52","Situation":"trend","Id":"20037379","Type":"market","Side":"buy","OrderTime":"2019-03-26T14:10:32","Price":16.09880000,"Amount":948.20000000},{"Time":"2019-03-26T14:11:52","Situation":"trend","Id":"20037515","Type":"market","Side":"sell","OrderTime":"2019-03-26T14:10:54","Price":16.09880000,"Amount":1204.66000000},{"Time":"2019-03-26T14:11:52","Situation":"trend","Id":"20037529","Type":"market","Side":"sell","OrderTime":"2019-03-26T14:10:54","Price":16.09880000,"Amount":1290.68000000},{"Time":"2019-03-26T14:11:52","Situation":"trend","Id":"20037546","Type":"market","Side":"sell","OrderTime":"2019-03-26T14:10:57","Price":16.03520000,"Amount":519.97000000},{"Time":"2019-03-26T14:14:51","Situation":"trend","Id":"20037668","Type":"market","Side":"sell","OrderTime":"2019-03-26T14:11:54","Price":16.00000000,"Amount":509.42000000},{"Time":"2019-03-26T14:14:51","Situation":"trend","Id":"20037675","Type":"market","Side":"sell","OrderTime":"2019-03-26T14:11:58","Price":16.00000000,"Amount":518.52000000},{"Time":"2019-03-26T14:14:51","Situation":"trend","Id":"20037682","Type":"market","Side":"sell","OrderTime":"2019-03-26T14:11:59","Price":16.00000000,"Amount":1357.28000000},{"Time":"2019-03-26T14:14:51","Situation":"trend","Id":"20037757","Type":"market","Side":"buy","OrderTime":"2019-03-26T14:12:14","Price":15.99000000,"Amount":675.00000000},{"Time":"2019-03-26T14:14:51","Situation":"trend","Id":"20037760","Type":"market","Side":"buy","OrderTime":"2019-03-26T14:12:15","Price":15.99000000,"Amount":622.30000000},{"Time":"2019-03-26T14:14:51","Situation":"trend","Id":"20037965","Type":"market","Side":"sell","OrderTime":"2019-03-26T14:13:54","Price":15.98000000,"Amount":872.74000000},{"Time":"2019-03-26T14:19:11","Situation":"trend","Id":"20038244","Type":"market","Side":"sell","OrderTime":"2019-03-26T14:18:45","Price":15.98000000,"Amount":1508.66000000},{"Time":"2019-03-26T14:19:56","Situation":"trend","Id":"20038384","Type":"market","Side":"sell","OrderTime":"2019-03-26T14:19:25","Price":15.92010000,"Amount":520.60000000},{"Time":"2019-03-26T14:20:10","Situation":"trend","Id":"20038559","Type":"market","Side":"sell","OrderTime":"2019-03-26T14:19:58","Price":15.82000000,"Amount":514.70000000},{"Time":"2019-03-26T14:20:10","Situation":"trend","Id":"20038662","Type":"market","Side":"sell","OrderTime":"2019-03-26T14:20:09","Price":15.75560000,"Amount":739.52000000},{"Time":"2019-03-26T14:20:59","Situation":"trend","Id":"20038991","Type":"market","Side":"sell","OrderTime":"2019-03-26T14:20:52","Price":15.81060000,"Amount":509.81000000},{"Time":"2019-03-26T14:32:31","Situation":"flat","Id":"20040111","Type":"market","Side":"sell","OrderTime":"2019-03-26T14:32:15","Price":15.93000000,"Amount":583.18000000},{"Time":"2019-03-26T14:41:56","Situation":"trend","Id":"20040460","Type":"market","Side":"buy","OrderTime":"2019-03-26T14:41:39","Price":15.90420000,"Amount":2145.36000000},{"Time":"2019-03-26T14:50:07","Situation":"trend","Id":"20040913","Type":"market","Side":"buy","OrderTime":"2019-03-26T14:45:48","Price":15.90000000,"Amount":553.96000000},{"Time":"2019-03-26T14:53:09","Situation":"trend","Id":"20041233","Type":"market","Side":"buy","OrderTime":"2019-03-26T14:52:06","Price":15.85610000,"Amount":995.37000000},{"Time":"2019-03-26T14:53:09","Situation":"trend","Id":"20041234","Type":"market","Side":"buy","OrderTime":"2019-03-26T14:52:06","Price":15.85610000,"Amount":1316.88000000},{"Time":"2019-03-26T14:53:09","Situation":"trend","Id":"20041274","Type":"market","Side":"buy","OrderTime":"2019-03-26T14:52:37","Price":15.89470000,"Amount":536.54000000},{"Time":"2019-03-26T14:53:09","Situation":"trend","Id":"20041279","Type":"market","Side":"sell","OrderTime":"2019-03-26T14:52:37","Price":15.90000000,"Amount":674.02000000},{"Time":"2019-03-26T14:53:09","Situation":"trend","Id":"20041339","Type":"market","Side":"sell","OrderTime":"2019-03-26T14:52:41","Price":15.90000000,"Amount":20553.80000000},{"Time":"2019-03-26T14:53:09","Situation":"trend","Id":"20041381","Type":"market","Side":"buy","OrderTime":"2019-03-26T14:53:08","Price":15.91860000,"Amount":4477.73000000},{"Time":"2019-03-26T14:53:09","Situation":"trend","Id":"20041383","Type":"market","Side":"sell","OrderTime":"2019-03-26T14:53:08","Price":15.92000000,"Amount":1293.36000000},{"Time":"2019-03-26T14:58:09","Situation":"flat","Id":"20041479","Type":"market","Side":"buy","OrderTime":"2019-03-26T14:54:36","Price":15.94000000,"Amount":851.84000000},{"Time":"2019-03-26T15:07:21","Situation":"flat","Id":"20041852","Type":"market","Side":"sell","OrderTime":"2019-03-26T15:06:28","Price":15.89510000,"Amount":551.20000000},{"Time":"2019-03-26T15:17:24","Situation":"flat","Id":"20042373","Type":"market","Side":"sell","OrderTime":"2019-03-26T15:14:58","Price":15.88050000,"Amount":500.00000000},{"Time":"2019-03-26T15:24:31","Situation":"flat","Id":"20042643","Type":"market","Side":"buy","OrderTime":"2019-03-26T15:19:36","Price":15.81000000,"Amount":511.03000000},{"Time":"2019-03-26T15:24:31","Situation":"flat","Id":"20042664","Type":"market","Side":"sell","OrderTime":"2019-03-26T15:19:44","Price":15.80000000,"Amount":900.32000000},{"Time":"2019-03-26T15:24:31","Situation":"flat","Id":"20042672","Type":"market","Side":"sell","OrderTime":"2019-03-26T15:19:48","Price":15.80000000,"Amount":508.06000000},{"Time":"2019-03-26T15:29:34","Situation":"flat","Id":"20043171","Type":"market","Side":"buy","OrderTime":"2019-03-26T15:28:04","Price":15.80980000,"Amount":500.23000000},{"Time":"2019-03-26T15:29:34","Situation":"flat","Id":"20043183","Type":"market","Side":"buy","OrderTime":"2019-03-26T15:28:20","Price":15.80740000,"Amount":767.82000000},{"Time":"2019-03-26T15:33:42","Situation":"trend","Id":"20043288","Type":"market","Side":"buy","OrderTime":"2019-03-26T15:30:06","Price":15.80720000,"Amount":508.13000000},{"Time":"2019-03-26T15:33:42","Situation":"trend","Id":"20043294","Type":"market","Side":"sell","OrderTime":"2019-03-26T15:30:07","Price":15.83000000,"Amount":1473.58000000},{"Time":"2019-03-26T15:33:42","Situation":"trend","Id":"20043295","Type":"market","Side":"sell","OrderTime":"2019-03-26T15:30:07","Price":15.83000000,"Amount":2778.09000000}