{"OrderBookAsks":[{"Time":"2019-03-26T10:58:53","Situation":"flat","Type":"ask","Price":0.30033000,"Amount":359126.50000000,"Done":false},{"Time":"2019-03-26T11:01:45","Situation":"flat","Type":"ask","Price":0.30033000,"Amount":352526.50000000,"Done":false},{"Time":"2019-03-26T11:03:54","Situation":"flat","Type":"ask","Price":0.30033000,"Amount":352526.50000000,"Done":false},{"Time":"2019-03-26T11:06:45","Situation":"flat","Type":"ask","Price":0.30033000,"Amount":337354.70000000,"Done":false},{"Time":"2019-03-26T11:08:54","Situation":"flat","Type":"ask","Price":0.30033000,"Amount":330995.70000000,"Done":false},{"Time":"2019-03-26T11:11:47","Situation":"flat","Type":"ask","Price":0.30033000,"Amount":354562.80000000,"Done":false},{"Time":"2019-03-26T11:13:56","Situation":"flat","Type":"ask","Price":0.30033000,"Amount":352597.80000000,"Done":false},{"Time":"2019-03-26T11:16:51","Situation":"flat","Type":"ask","Price":0.30033000,"Amount":350992.20000000,"Done":false},{"Time":"2019-03-26T11:19:00","Situation":"flat","Type":"ask","Price":0.30033000,"Amount":350992.20000000,"Done":false},{"Time":"2019-03-26T11:21:51","Situation":"flat","Type":"ask","Price":0.30033000,"Amount":330995.70000000,"Done":false},{"Time":"2019-03-26T11:24:05","Situation":"flat","Type":"ask","Price":0.30033000,"Amount":350995.70000000,"Done":false},{"Time":"2019-03-26T11:26:54","Situation":"flat","Type":"ask","Price":0.30033000,"Amount":351670.30000000,"Done":false},{"Time":"2019-03-26T11:29:09","Situation":"flat","Type":"ask","Price":0.30033000,"Amount":350992.20000000,"Done":false},{"Time":"2019-03-26T11:31:57","Situation":"flat","Type":"ask","Price":0.30033000,"Amount":330995.70000000,"Done":false},{"Time":"2019-03-26T11:34:09","Situation":"flat","Type":"ask","Price":0.30033000,"Amount":364940.20000000,"Done":false},{"Time":"2019-03-26T11:37:00","Situation":"flat","Type":"ask","Price":0.30033000,"Amount":330995.70000000,"Done":false},{"Time":"2019-03-26T11:39:11","Situation":"flat","Type":"ask","Price":0.30033000,"Amount":350995.70000000,"Done":false},{"Time":"2019-03-26T11:42:03","Situation":"flat","Type":"ask","Price":0.30033000,"Amount":332672.90000000,"Done":false}],"OrderBookBids":[{"Time":"2019-03-26T00:15:10","Situation":"flat","Type":"bid","Price":0.30320000,"Amount":336037.90000000,"Done":false},{"Time":"2019-03-26T00:15:10","Situation":"flat","Type":"bid","Price":0.30320000,"Amount":336037.90000000,"Done":false},{"Time":"2019-03-26T12:42:30","Situation":"flat","Type":"bid","Price":0.29500000,"Amount":578687.50000000,"Done":false},{"Time":"2019-03-26T12:52:36","Situation":"flat","Type":"bid","Price":0.29500000,"Amount":577277.30000000,"Done":false},{"Time":"2019-03-26T12:54:41","Situation":"flat","Type":"bid","Price":0.29500000,"Amount":577277.30000000,"Done":false},{"Time":"2019-03-26T12:57:39","Situation":"flat","Type":"bid","Price":0.29500000,"Amount":577277.30000000,"Done":false},{"Time":"2019-03-26T12:59:44","Situation":"flat","Type":"bid","Price":0.29500000,"Amount":580587.50000000,"Done":false},{"Time":"2019-03-26T13:00:50","Situation":"trend","Type":"bid","Price":0.29500000,"Amount":552549.70000000,"Done":false},{"Time":"2019-03-26T13:00:55","Situation":"trend","Type":"bid","Price":0.29500000,"Amount":552549.70000000,"Done":false},{"Time":"2019-03-26T13:05:52","Situation":"flat","Type":"bid","Price":0.29500000,"Amount":552034.50000000,"Done":false},{"Time":"2019-03-26T13:05:55","Situation":"flat","Type":"bid","Price":0.29500000,"Amount":552034.50000000,"Done":false},{"Time":"2019-03-26T13:10:54","Situation":"flat","Type":"bid","Price":0.29500000,"Amount":553156.70000000,"Done":false},{"Time":"2019-03-26T13:10:59","Situation":"flat","Type":"bid","Price":0.29500000,"Amount":553156.70000000,"Done":false},{"Time":"2019-03-26T13:15:55","Situation":"flat","Type":"bid","Price":0.29500000,"Amount":555631.20000000,"Done":false},{"Time":"2019-03-26T13:15:59","Situation":"flat","Type":"bid","Price":0.29500000,"Amount":555631.20000000,"Done":false},{"Time":"2019-03-26T13:20:55","Situation":"flat","Type":"bid","Price":0.29500000,"Amount":548881.90000000,"Done":false},{"Time":"2019-03-26T13:20:59","Situation":"flat","Type":"bid","Price":0.29500000,"Amount":548881.90000000,"Done":false},{"Time":"2019-03-26T13:25:59","Situation":"flat","Type":"bid","Price":0.29500000,"Amount":553506.80000000,"Done":false},{"Time":"2019-03-26T13:25:59","Situation":"flat","Type":"bid","Price":0.29500000,"Amount":553506.80000000,"Done":false},{"Time":"2019-03-26T13:28:50","Situation":"trend","Type":"bid","Price":0.29500000,"Amount":553506.80000000,"Done":false},{"Time":"2019-03-26T13:28:50","Situation":"trend","Type":"bid","Price":0.29500000,"Amount":553506.80000000,"Done":false},{"Time":"2019-03-26T13:32:40","Situation":"trend","Type":"bid","Price":0.29500000,"Amount":553506.80000000,"Done":true},{"Time":"2019-03-26T13:32:40","Situation":"trend","Type":"bid","Price":0.29500000,"Amount":553506.80000000,"Done":true},{"Time":"2019-03-26T14:41:16","Situation":"flat","Type":"bid","Price":0.29500000,"Amount":510968.00000000,"Done":false},{"Time":"2019-03-26T14:41:16","Situation":"flat","Type":"bid","Price":0.29500000,"Amount":510968.00000000,"Done":false},{"Time":"2019-03-26T14:46:16","Situation":"flat","Type":"bid","Price":0.29500000,"Amount":504268.00000000,"Done":false},{"Time":"2019-03-26T14:46:16","Situation":"flat","Type":"bid","Price":0.29500000,"Amount":504268.00000000,"Done":false},{"Time":"2019-03-26T15:46:35","Situation":"flat","Type":"bid","Price":0.29500000,"Amount":796383.10000000,"Done":false},{"Time":"2019-03-26T15:46:35","Situation":"flat","Type":"bid","Price":0.29500000,"Amount":796383.10000000,"Done":false},{"Time":"2019-03-26T15:51:39","Situation":"flat","Type":"bid","Price":0.29500000,"Amount":793072.90000000,"Done":false},{"Time":"2019-03-26T15:51:39","Situation":"flat","Type":"bid","Price":0.29500000,"Amount":793072.90000000,"Done":false},{"Time":"2019-03-26T15:56:39","Situation":"flat","Type":"bid","Price":0.29500000,"Amount":660460.60000000,"Done":false},{"Time":"2019-03-26T15:56:40","Situation":"flat","Type":"bid","Price":0.29500000,"Amount":660460.60000000,"Done":false},{"Time":"2019-03-26T16:01:41","Situation":"flat","Type":"bid","Price":0.29500000,"Amount":652674.20000000,"Done":false},{"Time":"2019-03-26T16:01:41","Situation":"flat","Type":"bid","Price":0.29500000,"Amount":652674.20000000,"Done":false},{"Time":"2019-03-26T16:06:42","Situation":"flat","Type":"bid","Price":0.29820000,"Amount":490017.00000000,"Done":false},{"Time":"2019-03-26T16:06:42","Situation":"flat","Type":"bid","Price":0.29500000,"Amount":651811.40000000,"Done":false},{"Time":"2019-03-26T16:06:42","Situation":"flat","Type":"bid","Price":0.29820000,"Amount":490017.00000000,"Done":false},{"Time":"2019-03-26T16:06:42","Situation":"flat","Type":"bid","Price":0.29500000,"Amount":651811.40000000,"Done":false},{"Time":"2019-03-26T16:11:45","Situation":"flat","Type":"bid","Price":0.29820000,"Amount":490017.00000000,"Done":false},{"Time":"2019-03-26T16:11:45","Situation":"flat","Type":"bid","Price":0.29500000,"Amount":651811.40000000,"Done":false},{"Time":"2019-03-26T16:11:45","Situation":"flat","Type":"bid","Price":0.29820000,"Amount":490017.00000000,"Done":false},{"Time":"2019-03-26T16:11:45","Situation":"flat","Type":"bid","Price":0.29500000,"Amount":651811.40000000,"Done":false},{"Time":"2019-03-26T16:16:49","Situation":"flat","Type":"bid","Price":0.29820000,"Amount":490017.00000000,"Done":false},{"Time":"2019-03-26T16:16:49","Situation":"flat","Type":"bid","Price":0.29820000,"Amount":490017.00000000,"Done":false},{"Time":"2019-03-26T16:21:50","Situation":"flat","Type":"bid","Price":0.29820000,"Amount":490017.00000000,"Done":false},{"Time":"2019-03-26T16:21:50","Situation":"flat","Type":"bid","Price":0.29820000,"Amount":490017.00000000,"Done":false},{"Time":"2019-03-26T16:26:50","Situation":"flat","Type":"bid","Price":0.29820000,"Amount":490017.00000000,"Done":false},{"Time":"2019-03-26T16:26:50","Situation":"flat","Type":"bid","Price":0.29500000,"Amount":660278.00000000,"Done":false},{"Time":"2019-03-26T16:26:50","Situation":"flat","Type":"bid","Price":0.29820000,"Amount":490017.00000000,"Done":false},{"Time":"2019-03-26T16:26:50","Situation":"flat","Type":"bid","Price":0.29500000,"Amount":660278.00000000,"Done":false},{"Time":"2019-03-26T16:31:50","Situation":"flat","Type":"bid","Price":0.29820000,"Amount":490017.00000000,"Done":false},{"Time":"2019-03-26T16:31:50","Situation":"flat","Type":"bid","Price":0.29500000,"Amount":651811.40000000,"Done":false},{"Time":"2019-03-26T16:31:50","Situation":"flat","Type":"bid","Price":0.29820000,"Amount":490017.00000000,"Done":false},{"Time":"2019-03-26T16:31:50","Situation":"flat","Type":"bid","Price":0.29500000,"Amount":651811.40000000,"Done":false},{"Time":"2019-03-26T16:36:51","Situation":"flat","Type":"bid","Price":0.29820000,"Amount":490017.00000000,"Done":false},{"Time":"2019-03-26T16:36:51","Situation":"flat","Type":"bid","Price":0.29500000,"Amount":651811.40000000,"Done":false},{"Time":"2019-03-26T16:36:51","Situation":"flat","Type":"bid","Price":0.29820000,"Amount":490017.00000000,"Done":false},{"Time":"2019-03-26T16:36:51","Situation":"flat","Type":"bid","Price":0.29500000,"Amount":651811.40000000,"Done":false},{"Time":"2019-03-26T16:41:55","Situation":"flat","Type":"bid","Price":0.29820000,"Amount":499552.30000000,"Done":false},{"Time":"2019-03-26T16:41:55","Situation":"flat","Type":"bid","Price":0.29500000,"Amount":651811.40000000,"Done":false},{"Time":"2019-03-26T16:41:55","Situation":"flat","Type":"bid","Price":0.29820000,"Amount":499552.30000000,"Done":false},{"Time":"2019-03-26T16:41:55","Situation":"flat","Type":"bid","Price":0.29500000,"Amount":651811.40000000,"Done":false},{"Time":"2019-03-26T16:46:56","Situation":"flat","Type":"bid","Price":0.29820000,"Amount":490017.00000000,"Done":false},{"Time":"2019-03-26T16:46:56","Situation":"flat","Type":"bid","Price":0.29820000,"Amount":490017.00000000,"Done":false},{"Time":"2019-03-26T16:51:56","Situation":"flat","Type":"bid","Price":0.29820000,"Amount":490017.00000000,"Done":false},{"Time":"2019-03-26T16:51:56","Situation":"flat","Type":"bid","Price":0.29820000,"Amount":490017.00000000,"Done":false},{"Time":"2019-03-26T16:56:57","Situation":"flat","Type":"bid","Price":0.29820000,"Amount":490017.00000000,"Done":false},{"Time":"2019-03-26T16:56:57","Situation":"flat","Type":"bid","Price":0.29820000,"Amount":490017.00000000,"Done":false},{"Time":"2019-03-26T17:02:04","Situation":"flat","Type":"bid","Price":0.29820000,"Amount":490017.00000000,"Done":false},{"Time":"2019-03-26T17:02:05","Situation":"flat","Type":"bid","Price":0.29820000,"Amount":490017.00000000,"Done":false},{"Time":"2019-03-26T17:12:06","Situation":"flat","Type":"bid","Price":0.29900000,"Amount":492369.30000000,"Done":false},{"Time":"2019-03-26T17:12:06","Situation":"flat","Type":"bid","Price":0.29500000,"Amount":653463.80000000,"Done":false},{"Time":"2019-03-26T17:12:10","Situation":"flat","Type":"bid","Price":0.29900000,"Amount":494592.10000000,"Done":false},{"Time":"2019-03-26T17:12:10","Situation":"flat","Type":"bid","Price":0.29500000,"Amount":653463.80000000,"Done":false},{"Time":"2019-03-26T17:17:07","Situation":"flat","Type":"bid","Price":0.29870000,"Amount":478743.70000000,"Done":false},{"Time":"2019-03-26T17:17:12","Situation":"flat","Type":"bid","Price":0.29870000,"Amount":478743.70000000,"Done":false},{"Time":"2019-03-26T17:22:11","Situation":"flat","Type":"bid","Price":0.29870000,"Amount":478743.70000000,"Done":false},{"Time":"2019-03-26T17:22:16","Situation":"flat","Type":"bid","Price":0.29870000,"Amount":478743.70000000,"Done":false},{"Time":"2019-03-26T17:27:15","Situation":"flat","Type":"bid","Price":0.29870000,"Amount":485443.70000000,"Done":false},{"Time":"2019-03-26T17:27:20","Situation":"flat","Type":"bid","Price":0.29870000,"Amount":478743.70000000,"Done":false},{"Time":"2019-03-26T17:37:21","Situation":"flat","Type":"bid","Price":0.29860000,"Amount":447867.90000000,"Done":false},{"Time":"2019-03-26T17:37:26","Situation":"flat","Type":"bid","Price":0.29860000,"Amount":447867.90000000,"Done":false},{"Time":"2019-03-26T17:42:25","Situation":"flat","Type":"bid","Price":0.29500000,"Amount":662535.80000000,"Done":false},{"Time":"2019-03-26T17:42:29","Situation":"flat","Type":"bid","Price":0.29500000,"Amount":662535.80000000,"Done":false},{"Time":"2019-03-26T17:47:25","Situation":"flat","Type":"bid","Price":0.29500000,"Amount":656763.80000000,"Done":false},{"Time":"2019-03-26T17:52:25","Situation":"flat","Type":"bid","Price":0.29500000,"Amount":662535.80000000,"Done":false},{"Time":"2019-03-26T17:52:35","Situation":"flat","Type":"bid","Price":0.29500000,"Amount":662535.80000000,"Done":false},{"Time":"2019-03-26T17:57:26","Situation":"flat","Type":"bid","Price":0.29500000,"Amount":662535.80000000,"Done":false},{"Time":"2019-03-26T17:57:36","Situation":"flat","Type":"bid","Price":0.29500000,"Amount":662535.80000000,"Done":false},{"Time":"2019-03-26T18:02:30","Situation":"flat","Type":"bid","Price":0.29500000,"Amount":662535.80000000,"Done":false},{"Time":"2019-03-26T18:02:40","Situation":"flat","Type":"bid","Price":0.29500000,"Amount":662535.80000000,"Done":false},{"Time":"2019-03-26T18:07:31","Situation":"flat","Type":"bid","Price":0.29820000,"Amount":398644.10000000,"Done":false},{"Time":"2019-03-26T18:07:31","Situation":"flat","Type":"bid","Price":0.29500000,"Amount":662535.80000000,"Done":false},{"Time":"2019-03-26T18:07:41","Situation":"flat","Type":"bid","Price":0.29820000,"Amount":398644.10000000,"Done":false},{"Time":"2019-03-26T18:07:41","Situation":"flat","Type":"bid","Price":0.29500000,"Amount":662535.80000000,"Done":false},{"Time":"2019-03-26T18:12:31","Situation":"flat","Type":"bid","Price":0.29820000,"Amount":379244.70000000,"Done":false},{"Time":"2019-03-26T18:12:31","Situation":"flat","Type":"bid","Price":0.29500000,"Amount":662535.80000000,"Done":false},{"Time":"2019-03-26T18:12:41","Situation":"flat","Type":"bid","Price":0.29820000,"Amount":379244.70000000,"Done":false},{"Time":"2019-03-26T18:12:41","Situation":"flat","Type":"bid","Price":0.29500000,"Amount":662535.80000000,"Done":false},{"Time":"2019-03-26T18:17:35","Situation":"flat","Type":"bid","Price":0.29820000,"Amount":336336.40000000,"Done":false},{"Time":"2019-03-26T18:17:35","Situation":"flat","Type":"bid","Price":0.29500000,"Amount":662535.80000000,"Done":false},{"Time":"2019-03-26T18:17:45","Situation":"flat","Type":"bid","Price":0.29820000,"Amount":336336.40000000,"Done":false},{"Time":"2019-03-26T18:17:45","Situation":"flat","Type":"bid","Price":0.29500000,"Amount":662535.80000000,"Done":false},{"Time":"2019-03-26T18:22:39","Situation":"flat","Type":"bid","Price":0.29820000,"Amount":336336.40000000,"Done":false},{"Time":"2019-03-26T18:22:39","Situation":"flat","Type":"bid","Price":0.29500000,"Amount":663992.80000000,"Done":false},{"Time":"2019-03-26T18:22:48","Situation":"flat","Type":"bid","Price":0.29820000,"Amount":336336.40000000,"Done":false},{"Time":"2019-03-26T18:22:48","Situation":"flat","Type":"bid","Price":0.29500000,"Amount":663992.80000000,"Done":false},{"Time":"2019-03-26T18:27:41","Situation":"flat","Type":"bid","Price":0.29820000,"Amount":336336.40000000,"Done":false},{"Time":"2019-03-26T18:27:41","Situation":"flat","Type":"bid","Price":0.29500000,"Amount":657292.80000000,"Done":false},{"Time":"2019-03-26T18:27:51","Situation":"flat","Type":"bid","Price":0.29820000,"Amount":336336.40000000,"Done":false},{"Time":"2019-03-26T18:27:51","Situation":"flat","Type":"bid","Price":0.29500000,"Amount":657292.80000000,"Done":false},{"Time":"2019-03-26T18:32:44","Situation":"flat","Type":"bid","Price":0.29820000,"Amount":336336.40000000,"Done":false},{"Time":"2019-03-26T18:32:54","Situation":"flat","Type":"bid","Price":0.29820000,"Amount":336336.40000000,"Done":false},{"Time":"2019-03-26T18:37:45","Situation":"flat","Type":"bid","Price":0.29820000,"Amount":336336.40000000,"Done":false},{"Time":"2019-03-26T18:37:45","Situation":"flat","Type":"bid","Price":0.29600000,"Amount":662306.20000000,"Done":false},{"Time":"2019-03-26T18:37:55","Situation":"flat","Type":"bid","Price":0.29820000,"Amount":336336.40000000,"Done":false},{"Time":"2019-03-26T18:37:55","Situation":"flat","Type":"bid","Price":0.29600000,"Amount":662306.20000000,"Done":false},{"Time":"2019-03-26T18:42:45","Situation":"flat","Type":"bid","Price":0.29820000,"Amount":336336.40000000,"Done":false},{"Time":"2019-03-26T18:42:45","Situation":"flat","Type":"bid","Price":0.29600000,"Amount":662306.20000000,"Done":false},{"Time":"2019-03-26T18:42:55","Situation":"flat","Type":"bid","Price":0.29820000,"Amount":336336.40000000,"Done":false},{"Time":"2019-03-26T18:42:55","Situation":"flat","Type":"bid","Price":0.29600000,"Amount":662306.20000000,"Done":false},{"Time":"2019-03-26T18:47:46","Situation":"flat","Type":"bid","Price":0.29820000,"Amount":336336.40000000,"Done":false},{"Time":"2019-03-26T18:47:46","Situation":"flat","Type":"bid","Price":0.29600000,"Amount":662306.20000000,"Done":false},{"Time":"2019-03-26T18:47:56","Situation":"flat","Type":"bid","Price":0.29820000,"Amount":336336.40000000,"Done":false},{"Time":"2019-03-26T18:47:56","Situation":"flat","Type":"bid","Price":0.29600000,"Amount":662306.20000000,"Done":false},{"Time":"2019-03-26T18:52:49","Situation":"flat","Type":"bid","Price":0.29820000,"Amount":336336.40000000,"Done":false},{"Time":"2019-03-26T18:52:49","Situation":"flat","Type":"bid","Price":0.29600000,"Amount":662306.20000000,"Done":false},{"Time":"2019-03-26T18:53:00","Situation":"flat","Type":"bid","Price":0.29820000,"Amount":336336.40000000,"Done":false},{"Time":"2019-03-26T18:53:00","Situation":"flat","Type":"bid","Price":0.29600000,"Amount":662306.20000000,"Done":false},{"Time":"2019-03-26T18:57:50","Situation":"flat","Type":"bid","Price":0.29820000,"Amount":338020.40000000,"Done":false},{"Time":"2019-03-26T18:57:50","Situation":"flat","Type":"bid","Price":0.29600000,"Amount":662306.20000000,"Done":false},{"Time":"2019-03-26T18:58:00","Situation":"flat","Type":"bid","Price":0.29820000,"Amount":338020.40000000,"Done":false},{"Time":"2019-03-26T18:58:00","Situation":"flat","Type":"bid","Price":0.29600000,"Amount":662306.20000000,"Done":false},{"Time":"2019-03-26T19:02:50","Situation":"flat","Type":"bid","Price":0.29820000,"Amount":336336.40000000,"Done":false},{"Time":"2019-03-26T19:02:50","Situation":"flat","Type":"bid","Price":0.29600000,"Amount":662620.20000000,"Done":false},{"Time":"2019-03-26T19:03:06","Situation":"flat","Type":"bid","Price":0.29820000,"Amount":336336.40000000,"Done":false},{"Time":"2019-03-26T19:03:06","Situation":"flat","Type":"bid","Price":0.29600000,"Amount":662620.20000000,"Done":false},{"Time":"2019-03-26T19:07:50","Situation":"flat","Type":"bid","Price":0.29820000,"Amount":336336.40000000,"Done":false},{"Time":"2019-03-26T19:07:50","Situation":"flat","Type":"bid","Price":0.29600000,"Amount":655920.20000000,"Done":false},{"Time":"2019-03-26T19:08:10","Situation":"flat","Type":"bid","Price":0.29820000,"Amount":336336.40000000,"Done":false},{"Time":"2019-03-26T19:08:10","Situation":"flat","Type":"bid","Price":0.29600000,"Amount":662620.20000000,"Done":false},{"Time":"2019-03-26T19:12:51","Situation":"flat","Type":"bid","Price":0.29820000,"Amount":336336.40000000,"Done":false},{"Time":"2019-03-26T19:12:51","Situation":"flat","Type":"bid","Price":0.29600000,"Amount":655927.40000000,"Done":false},{"Time":"2019-03-26T19:13:13","Situation":"flat","Type":"bid","Price":0.29820000,"Amount":336336.40000000,"Done":false},{"Time":"2019-03-26T19:13:13","Situation":"flat","Type":"bid","Price":0.29600000,"Amount":655927.40000000,"Done":false},{"Time":"2019-03-26T19:17:51","Situation":"flat","Type":"bid","Price":0.29600000,"Amount":655927.40000000,"Done":false},{"Time":"2019-03-26T19:18:13","Situation":"flat","Type":"bid","Price":0.29600000,"Amount":655927.40000000,"Done":false},{"Time":"2019-03-26T19:22:55","Situation":"flat","Type":"bid","Price":0.29600000,"Amount":661688.10000000,"Done":false},{"Time":"2019-03-26T19:23:16","Situation":"flat","Type":"bid","Price":0.29600000,"Amount":661688.10000000,"Done":false},{"Time":"2019-03-26T19:27:55","Situation":"flat","Type":"bid","Price":0.29600000,"Amount":661688.10000000,"Done":false},{"Time":"2019-03-26T19:28:16","Situation":"flat","Type":"bid","Price":0.29600000,"Amount":661688.10000000,"Done":false},{"Time":"2019-03-26T19:32:55","Situation":"flat","Type":"bid","Price":0.29600000,"Amount":662130.70000000,"Done":false},{"Time":"2019-03-26T19:33:17","Situation":"flat","Type":"bid","Price":0.29600000,"Amount":662130.70000000,"Done":false},{"Time":"2019-03-26T19:37:55","Situation":"flat","Type":"bid","Price":0.29600000,"Amount":662130.70000000,"Done":false},{"Time":"2019-03-26T19:38:17","Situation":"flat","Type":"bid","Price":0.29600000,"Amount":662130.70000000,"Done":false},{"Time":"2019-03-26T19:42:55","Situation":"flat","Type":"bid","Price":0.29600000,"Amount":662132.40000000,"Done":false},{"Time":"2019-03-26T19:43:20","Situation":"flat","Type":"bid","Price":0.29600000,"Amount":662132.40000000,"Done":false},{"Time":"2019-03-26T19:47:58","Situation":"flat","Type":"bid","Price":0.29600000,"Amount":648952.80000000,"Done":false},{"Time":"2019-03-26T19:48:20","Situation":"flat","Type":"bid","Price":0.29600000,"Amount":648952.80000000,"Done":false},{"Time":"2019-03-26T19:52:59","Situation":"flat","Type":"bid","Price":0.29600000,"Amount":643182.40000000,"Done":false},{"Time":"2019-03-26T19:53:20","Situation":"flat","Type":"bid","Price":0.29600000,"Amount":643182.40000000,"Done":false},{"Time":"2019-03-26T19:57:59","Situation":"flat","Type":"bid","Price":0.29600000,"Amount":643219.50000000,"Done":false},{"Time":"2019-03-26T19:58:22","Situation":"flat","Type":"bid","Price":0.29600000,"Amount":649919.50000000,"Done":false},{"Time":"2019-03-26T20:03:05","Situation":"flat","Type":"bid","Price":0.29600000,"Amount":649905.70000000,"Done":false},{"Time":"2019-03-26T20:03:26","Situation":"flat","Type":"bid","Price":0.29600000,"Amount":649905.70000000,"Done":false},{"Time":"2019-03-26T20:08:07","Situation":"flat","Type":"bid","Price":0.29600000,"Amount":643168.60000000,"Done":false},{"Time":"2019-03-26T20:08:27","Situation":"flat","Type":"bid","Price":0.29600000,"Amount":649868.60000000,"Done":false},{"Time":"2019-03-26T20:13:10","Situation":"flat","Type":"bid","Price":0.29600000,"Amount":649872.10000000,"Done":false},{"Time":"2019-03-26T20:13:30","Situation":"flat","Type":"bid","Price":0.29600000,"Amount":649872.10000000,"Done":false},{"Time":"2019-03-26T20:18:13","Situation":"flat","Type":"bid","Price":0.29600000,"Amount":649872.10000000,"Done":false},{"Time":"2019-03-26T20:18:34","Situation":"flat","Type":"bid","Price":0.29600000,"Amount":649872.10000000,"Done":false},{"Time":"2019-03-26T20:23:15","Situation":"flat","Type":"bid","Price":0.29600000,"Amount":649880.10000000,"Done":false},{"Time":"2019-03-26T20:23:35","Situation":"flat","Type":"bid","Price":0.29600000,"Amount":649880.10000000,"Done":false},{"Time":"2019-03-26T20:28:16","Situation":"flat","Type":"bid","Price":0.29600000,"Amount":649880.10000000,"Done":false},{"Time":"2019-03-26T20:28:36","Situation":"flat","Type":"bid","Price":0.29600000,"Amount":649559.40000000,"Done":false},{"Time":"2019-03-26T20:33:19","Situation":"flat","Type":"bid","Price":0.29600000,"Amount":650149.70000000,"Done":false},{"Time":"2019-03-26T20:33:39","Situation":"flat","Type":"bid","Price":0.29600000,"Amount":650149.70000000,"Done":false},{"Time":"2019-03-26T20:38:21","Situation":"flat","Type":"bid","Price":0.29600000,"Amount":642859.40000000,"Done":false},{"Time":"2019-03-26T20:38:41","Situation":"flat","Type":"bid","Price":0.29600000,"Amount":642859.40000000,"Done":false},{"Time":"2019-03-26T20:43:22","Situation":"flat","Type":"bid","Price":0.29600000,"Amount":642859.40000000,"Done":false},{"Time":"2019-03-26T20:43:42","Situation":"flat","Type":"bid","Price":0.29600000,"Amount":642859.40000000,"Done":false},{"Time":"2019-03-26T20:48:25","Situation":"flat","Type":"bid","Price":0.29600000,"Amount":649559.40000000,"Done":false},{"Time":"2019-03-26T20:48:45","Situation":"flat","Type":"bid","Price":0.29600000,"Amount":649559.40000000,"Done":false},{"Time":"2019-03-26T20:53:27","Situation":"flat","Type":"bid","Price":0.29600000,"Amount":650149.70000000,"Done":false},{"Time":"2019-03-26T20:53:47","Situation":"flat","Type":"bid","Price":0.29600000,"Amount":650149.70000000,"Done":false},{"Time":"2019-03-26T20:58:30","Situation":"flat","Type":"bid","Price":0.29600000,"Amount":650149.70000000,"Done":false},{"Time":"2019-03-26T20:58:51","Situation":"flat","Type":"bid","Price":0.29600000,"Amount":650149.70000000,"Done":false}],"TradeHistory":[{"Time":"2019-03-26T00:15:10","Situation":"flat","Id":"16165500","Type":"market","Side":"sell","OrderTime":"2019-03-26T00:13:08","Price":0.30320000,"Amount":20000.00000000},{"Time":"2019-03-26T00:25:11","Situation":"flat","Id":"16165788","Type":"market","Side":"sell","OrderTime":"2019-03-26T00:23:21","Price":0.30320000,"Amount":192440.80000000},{"Time":"2019-03-26T00:55:17","Situation":"flat","Id":"16166542","Type":"market","Side":"buy","OrderTime":"2019-03-26T00:53:37","Price":0.30296000,"Amount":27791.10000000},{"Time":"2019-03-26T03:01:09","Situation":"flat","Id":"16169418","Type":"market","Side":"sell","OrderTime":"2019-03-26T03:01:08","Price":0.30361000,"Amount":25899.00000000},{"Time":"2019-03-26T03:01:09","Situation":"flat","Id":"16169420","Type":"market","Side":"sell","OrderTime":"2019-03-26T03:01:08","Price":0.30361000,"Amount":25751.70000000},{"Time":"2019-03-26T05:56:56","Situation":"flat","Id":"16173857","Type":"market","Side":"sell","OrderTime":"2019-03-26T05:56:05","Price":0.30190000,"Amount":31751.00000000},{"Time":"2019-03-26T05:56:56","Situation":"flat","Id":"16173867","Type":"market","Side":"sell","OrderTime":"2019-03-26T05:56:11","Price":0.30190000,"Amount":26773.70000000},{"Time":"2019-03-26T06:27:06","Situation":"flat","Id":"16174575","Type":"market","Side":"buy","OrderTime":"2019-03-26T06:24:25","Price":0.30096000,"Amount":20000.10000000},{"Time":"2019-03-26T06:27:06","Situation":"flat","Id":"16174590","Type":"market","Side":"buy","OrderTime":"2019-03-26T06:24:42","Price":0.30096000,"Amount":35552.30000000},{"Time":"2019-03-26T06:42:16","Situation":"flat","Id":"16174998","Type":"market","Side":"sell","OrderTime":"2019-03-26T06:39:14","Price":0.30107000,"Amount":20000.10000000},{"Time":"2019-03-26T06:55:20","Situation":"trend","Id":"16175432","Type":"market","Side":"sell","OrderTime":"2019-03-26T06:53:17","Price":0.30002000,"Amount":44940.00000000},{"Time":"2019-03-26T06:55:20","Situation":"trend","Id":"16175516","Type":"market","Side":"sell","OrderTime":"2019-03-26T06:55:10","Price":0.30000000,"Amount":91170.20000000},{"Time":"2019-03-26T06:55:20","Situation":"trend","Id":"16175528","Type":"market","Side":"sell","OrderTime":"2019-03-26T06:55:11","Price":0.30000000,"Amount":20010.00000000},{"Time":"2019-03-26T06:55:20","Situation":"trend","Id":"16175531","Type":"market","Side":"sell","OrderTime":"2019-03-26T06:55:12","Price":0.30000000,"Amount":22094.80000000},{"Time":"2019-03-26T06:55:20","Situation":"trend","Id":"16175595","Type":"market","Side":"sell","OrderTime":"2019-03-26T06:55:16","Price":0.29919000,"Amount":23701.30000000},{"Time":"2019-03-26T06:57:21","Situation":"flat","Id":"16175827","Type":"market","Side":"sell","OrderTime":"2019-03-26T06:55:46","Price":0.29903000,"Amount":23811.00000000},{"Time":"2019-03-26T06:57:21","Situation":"flat","Id":"16175861","Type":"market","Side":"buy","OrderTime":"2019-03-26T06:56:10","Price":0.29955000,"Amount":23701.30000000},{"Time":"2019-03-26T07:10:26","Situation":"flat","Id":"16176321","Type":"market","Side":"buy","OrderTime":"2019-03-26T07:07:46","Price":0.29972000,"Amount":40509.40000000},{"Time":"2019-03-26T07:17:26","Situation":"flat","Id":"16176672","Type":"market","Side":"buy","OrderTime":"2019-03-26T07:16:50","Price":0.30000000,"Amount":26701.40000000},{"Time":"2019-03-26T07:47:37","Situation":"flat","Id":"16177630","Type":"market","Side":"buy","OrderTime":"2019-03-26T07:46:08","Price":0.29956000,"Amount":40986.30000000},{"Time":"2019-03-26T07:57:41","Situation":"flat","Id":"16178020","Type":"market","Side":"buy","OrderTime":"2019-03-26T07:56:25","Price":0.29949000,"Amount":34131.30000000},{"Time":"2019-03-26T09:28:12","Situation":"flat","Id":"16180787","Type":"market","Side":"sell","OrderTime":"2019-03-26T09:27:16","Price":0.30030000,"Amount":38404.80000000},{"Time":"2019-03-26T10:18:29","Situation":"flat","Id":"16182246","Type":"market","Side":"buy","OrderTime":"2019-03-26T10:17:05","Price":0.30062000,"Amount":63178.10000000},{"Time":"2019-03-26T10:21:35","Situation":"flat","Id":"16182374","Type":"market","Side":"sell","OrderTime":"2019-03-26T10:20:04","Price":0.30107000,"Amount":30399.10000000},{"Time":"2019-03-26T11:31:57","Situation":"flat","Id":"16184455","Type":"market","Side":"sell","OrderTime":"2019-03-26T11:29:47","Price":0.29998000,"Amount":31451.10000000},{"Time":"2019-03-26T11:31:57","Situation":"flat","Id":"16184476","Type":"market","Side":"sell","OrderTime":"2019-03-26T11:30:23","Price":0.29976000,"Amount":35189.00000000},{"Time":"2019-03-26T11:31:57","Situation":"flat","Id":"16184478","Type":"market","Side":"buy","OrderTime":"2019-03-26T11:30:23","Price":0.29971000,"Amount":31670.80000000},{"Time":"2019-03-26T11:31:57","Situation":"flat","Id":"16184480","Type":"market","Side":"buy","OrderTime":"2019-03-26T11:30:23","Price":0.29971000,"Amount":21125.70000000},{"Time":"2019-03-26T11:34:09","Situation":"flat","Id":"16184557","Type":"market","Side":"sell","OrderTime":"2019-03-26T11:33:25","Price":0.29995000,"Amount":28920.50000000},{"Time":"2019-03-26T11:42:03","Situation":"flat","Id":"16184724","Type":"market","Side":"buy","OrderTime":"2019-03-26T11:39:46","Price":0.29954000,"Amount":22246.70000000},{"Time":"2019-03-26T11:44:15","Situation":"flat","Id":"16184893","Type":"market","Side":"buy","OrderTime":"2019-03-26T11:43:53","Price":0.29975000,"Amount":20000.10000000},{"Time":"2019-03-26T11:44:15","Situation":"flat","Id":"16184922","Type":"market","Side":"sell","OrderTime":"2019-03-26T11:43:55","Price":0.29971000,"Amount":23996.80000000},{"Time":"2019-03-26T11:44:15","Situation":"flat","Id":"16184936","Type":"market","Side":"buy","OrderTime":"2019-03-26T11:43:55","Price":0.29950000,"Amount":55306.10000000},{"Time":"2019-03-26T11:44:15","Situation":"flat","Id":"16184942","Type":"market","Side":"buy","OrderTime":"2019-03-26T11:43:55","Price":0.29950000,"Amount":106638.60000000},{"Time":"2019-03-26T12:29:30","Situation":"flat","Id":"16186422","Type":"market","Side":"sell","OrderTime":"2019-03-26T12:28:34","Price":0.29800000,"Amount":40765.50000000},{"Time":"2019-03-26T12:39:34","Situation":"flat","Id":"16186930","Type":"market","Side":"sell","OrderTime":"2019-03-26T12:38:38","Price":0.29785000,"Amount":33812.40000000},{"Time":"2019-03-26T12:39:34","Situation":"flat","Id":"16186956","Type":"market","Side":"buy","OrderTime":"2019-03-26T12:39:04","Price":0.29784000,"Amount":20629.60000000},{"Time":"2019-03-26T12:42:30","Situation":"flat","Id":"16187008","Type":"market","Side":"buy","OrderTime":"2019-03-26T12:39:39","Price":0.29770000,"Amount":20000.10000000},{"Time":"2019-03-26T12:44:36","Situation":"flat","Id":"16187321","Type":"market","Side":"buy","OrderTime":"2019-03-26T12:42:44","Price":0.29742000,"Amount":33089.10000000},{"Time":"2019-03-26T12:57:39","Situation":"flat","Id":"16187904","Type":"market","Side":"buy","OrderTime":"2019-03-26T12:55:02","Price":0.29651000,"Amount":40459.30000000},{"Time":"2019-03-26T12:57:39","Situation":"flat","Id":"16187920","Type":"market","Side":"buy","OrderTime":"2019-03-26T12:55:16","Price":0.29650000,"Amount":23796.10000000},{"Time":"2019-03-26T13:05:52","Situation":"flat","Id":"16188477","Type":"market","Side":"buy","OrderTime":"2019-03-26T13:05:41","Price":0.29820000,"Amount":426881.10000000},{"Time":"2019-03-26T13:25:59","Situation":"flat","Id":"16189080","Type":"market","Side":"sell","OrderTime":"2019-03-26T13:21:38","Price":0.29700000,"Amount":20000.00000000},{"Time":"2019-03-26T13:28:50","Situation":"trend","Id":"16189423","Type":"market","Side":"sell","OrderTime":"2019-03-26T13:28:35","Price":0.29600000,"Amount":49279.20000000},{"Time":"2019-03-26T13:32:40","Situation":"trend","Id":"16189586","Type":"market","Side":"buy","OrderTime":"2019-03-26T13:28:51","Price":0.29565000,"Amount":20053.20000000},{"Time":"2019-03-26T13:32:40","Situation":"trend","Id":"16189774","Type":"market","Side":"sell","OrderTime":"2019-03-26T13:29:09","Price":0.29511000,"Amount":54390.20000000},{"Time":"2019-03-26T13:32:40","Situation":"trend","Id":"16189781","Type":"market","Side":"sell","OrderTime":"2019-03-26T13:29:09","Price":0.29501000,"Amount":21935.20000000},{"Time":"2019-03-26T13:32:40","Situation":"trend","Id":"16189793","Type":"market","Side":"sell","OrderTime":"2019-03-26T13:29:12","Price":0.29500000,"Amount":133739.50000000},{"Time":"2019-03-26T13:32:40","Situation":"trend","Id":"16189794","Type":"market","Side":"sell","OrderTime":"2019-03-26T13:29:12","Price":0.29500000,"Amount":50136.00000000},{"Time":"2019-03-26T13:32:40","Situation":"trend","Id":"16189842","Type":"market","Side":"sell","OrderTime":"2019-03-26T13:29:31","Price":0.29500000,"Amount":31751.00000000},{"Time":"2019-03-26T13:32:40","Situation":"trend","Id":"16189852","Type":"market","Side":"sell","OrderTime":"2019-03-26T13:29:33","Price":0.29500000,"Amount":241886.80000000},{"Time":"2019-03-26T13:32:40","Situation":"trend","Id":"16189949","Type":"market","Side":"buy","OrderTime":"2019-03-26T13:29:44","Price":0.29430000,"Amount":24617.50000000},{"Time":"2019-03-26T13:32:40","Situation":"trend","Id":"16189951","Type":"market","Side":"buy","OrderTime":"2019-03-26T13:29:44","Price":0.29430000,"Amount":28025.60000000},{"Time":"2019-03-26T13:32:40","Situation":"trend","Id":"16190028","Type":"market","Side":"sell","OrderTime":"2019-03-26T13:30:10","Price":0.29480000,"Amount":53640.50000000},{"Time":"2019-03-26T13:32:40","Situation":"trend","Id":"16190034","Type":"market","Side":"sell","OrderTime":"2019-03-26T13:30:11","Price":0.29480000,"Amount":27021.60000000},{"Time":"2019-03-26T13:32:40","Situation":"trend","Id":"16190041","Type":"market","Side":"sell","OrderTime":"2019-03-26T13:30:13","Price":0.29480000,"Amount":26456.70000000},{"Time":"2019-03-26T13:32:40","Situation":"trend","Id":"16190078","Type":"market","Side":"buy","OrderTime":"2019-03-26T13:30:31","Price":0.29490000,"Amount":24520.70000000},{"Time":"2019-03-26T13:38:11","Situation":"trend","Id":"16190603","Type":"market","Side":"sell","OrderTime":"2019-03-26T13:38:11","Price":0.29508000,"Amount":20315.00000000},{"Time":"2019-03-26T13:38:11","Situation":"trend","Id":"16190604","Type":"market","Side":"buy","OrderTime":"2019-03-26T13:38:11","Price":0.29508000,"Amount":26068.10000000},{"Time":"2019-03-26T13:38:11","Situation":"trend","Id":"16190605","Type":"market","Side":"buy","OrderTime":"2019-03-26T13:38:11","Price":0.29508000,"Amount":101467.70000000},{"Time":"2019-03-26T13:43:14","Situation":"flat","Id":"16190728","Type":"market","Side":"sell","OrderTime":"2019-03-26T13:39:15","Price":0.29400000,"Amount":33253.20000000},{"Time":"2019-03-26T13:43:14","Situation":"flat","Id":"16190803","Type":"market","Side":"buy","OrderTime":"2019-03-26T13:39:40","Price":0.29488000,"Amount":20471.30000000},{"Time":"2019-03-26T13:43:14","Situation":"flat","Id":"16190970","Type":"market","Side":"buy","OrderTime":"2019-03-26T13:42:53","Price":0.29532000,"Amount":20349.50000000},{"Time":"2019-03-26T13:49:10","Situation":"flat","Id":"16191110","Type":"market","Side":"sell","OrderTime":"2019-03-26T13:45:14","Price":0.29645000,"Amount":33261.90000000},{"Time":"2019-03-26T13:54:14","Situation":"flat","Id":"16191372","Type":"market","Side":"buy","OrderTime":"2019-03-26T13:50:13","Price":0.29586000,"Amount":22124.80000000},{"Time":"2019-03-26T13:54:14","Situation":"flat","Id":"16191470","Type":"market","Side":"sell","OrderTime":"2019-03-26T13:52:03","Price":0.29570000,"Amount":33836.30000000},{"Time":"2019-03-26T14:16:10","Situation":"flat","Id":"16192792","Type":"market","Side":"sell","OrderTime":"2019-03-26T14:12:27","Price":0.29855000,"Amount":26581.20000000},{"Time":"2019-03-26T14:16:10","Situation":"flat","Id":"16192914","Type":"market","Side":"sell","OrderTime":"2019-03-26T14:13:52","Price":0.29807000,"Amount":20232.60000000},{"Time":"2019-03-26T14:51:19","Situation":"flat","Id":"16194460","Type":"market","Side":"buy","OrderTime":"2019-03-26T14:49:15","Price":0.29831000,"Amount":20000.10000000},{"Time":"2019-03-26T14:51:19","Situation":"flat","Id":"16194502","Type":"market","Side":"buy","OrderTime":"2019-03-26T14:49:20","Price":0.29831000,"Amount":26967.60000000},{"Time":"2019-03-26T14:51:19","Situation":"flat","Id":"16194595","Type":"market","Side":"buy","OrderTime":"2019-03-26T14:51:06","Price":0.29831000,"Amount":20181.40000000},{"Time":"2019-03-26T14:51:19","Situation":"flat","Id":"16194610","Type":"market","Side":"buy","OrderTime":"2019-03-26T14:51:10","Price":0.29831000,"Amount":103049.80000000},{"Time":"2019-03-26T14:56:19","Situation":"flat","Id":"16194764","Type":"market","Side":"buy","OrderTime":"2019-03-26T14:54:15","Price":0.29821000,"Amount":27113.30000000},{"Time":"2019-03-26T14:56:19","Situation":"flat","Id":"16194765","Type":"market","Side":"buy","OrderTime":"2019-03-26T14:54:15","Price":0.29821000,"Amount":21028.00000000},{"Time":"2019-03-26T15:16:26","Situation":"flat","Id":"16195537","Type":"market","Side":"buy","OrderTime":"2019-03-26T15:12:22","Price":0.29900000,"Amount":20000.10000000},{"Time":"2019-03-26T15:16:26","Situation":"flat","Id":"16195603","Type":"market","Side":"buy","OrderTime":"2019-03-26T15:14:12","Price":0.29900000,"Amount":21805.80000000},{"Time":"2019-03-26T15:16:26","Situation":"flat","Id":"16195625","Type":"market","Side":"buy","OrderTime":"2019-03-26T15:14:13","Price":0.29900000,"Amount":20000.10000000},{"Time":"2019-03-26T15:16:26","Situation":"flat","Id":"16195638","Type":"market","Side":"buy","OrderTime":"2019-03-26T15:14:14","Price":0.29900000,"Amount":20228.90000000},{"Time":"2019-03-26T15:36:28","Situation":"flat","Id":"16196334","Type":"market","Side":"sell","OrderTime":"2019-03-26T15:32:25","Price":0.29844000,"Amount":21500.90000000},{"Time":"2019-03-26T16:01:41","Situation":"flat","Id":"16197255","Type":"market","Side":"buy","OrderTime":"2019-03-26T15:58:36","Price":0.29831000,"Amount":20000.00000000},{"Time":"2019-03-26T16:06:42","Situation":"flat","Id":"16197447","Type":"market","Side":"buy","OrderTime":"2019-03-26T16:04:24","Price":0.29870000,"Amount":22506.00000000},{"Time":"2019-03-26T16:26:50","Situation":"flat","Id":"16198122","Type":"market","Side":"sell","OrderTime":"2019-03-26T16:25:09","Price":0.29888000,"Amount":29102.90000000},{"Time":"2019-03-26T17:12:06","Situation":"flat","Id":"16199573","Type":"market","Side":"buy","OrderTime":"2019-03-26T17:07:31","Price":0.29890000,"Amount":27427.00000000},{"Time":"2019-03-26T17:32:17","Situation":"flat","Id":"16200206","Type":"market","Side":"sell","OrderTime":"2019-03-26T17:29:22","Price":0.29892000,"Amount":20210.00000000},{"Time":"2019-03-26T17:32:17","Situation":"flat","Id":"16200207","Type":"market","Side":"sell","OrderTime":"2019-03-26T17:29:22","Price":0.29891000,"Amount":77687.20000000},{"Time":"2019-03-26T19:22:55","Situation":"flat","Id":"16203436","Type":"market","Side":"sell","OrderTime":"2019-03-26T19:21:23","Price":0.29820000,"Amount":45739.10000000},{"Time":"2019-03-26T19:27:55","Situation":"flat","Id":"16203568","Type":"market","Side":"sell","OrderTime":"2019-03-26T19:24:38","Price":0.29820000,"Amount":30827.20000000},{"Time":"2019-03-26T20:13:10","Situation":"flat","Id":"16204723","Type":"market","Side":"buy","OrderTime":"2019-03-26T20:08:47","Price":0.29872000,"Amount":21754.50000000}],"TradeDelta":[{"TimeFrom":"2019-03-26T00:00:04","TimeTo":"2019-03-26T00:05:05","Situation":"flat","Value":0.00000000},{"TimeFrom":"2019-03-26T00:00:04","TimeTo":"2019-03-26T00:05:05","Situation":"flat","Value":0.00000000},{"TimeFrom":"2019-03-26T00:05:05","TimeTo":"2019-03-26T00:10:09","Situation":"flat","Value":0.00000000},{"TimeFrom":"2019-03-26T00:05:05","TimeTo":"2019-03-26T00:10:09","Situation":"flat","Value":0.00000000},{"TimeFrom":"2019-03-26T00:10:09","TimeTo":"2019-03-26T00:15:10","Situation":"flat","Value":-20000.00000000},{"TimeFrom":"2019-03-26T00:10:09","TimeTo":"2019-03-26T00:15:10","Situation":"flat","Value":-20000.00000000},{"TimeFrom":"2019-03-26T00:15:10","TimeTo":"2019-03-26T00:20:11","Situation":"flat","Value":0.00000000},{"TimeFrom":"2019-03-26T00:15:10","TimeTo":"2019-03-26T00:20:11","Situation":"flat","Value":0.00000000},{"TimeFrom":"2019-03-26T00:20:11","TimeTo":"2019-03-26T00:25:11","Situation":"flat","Value":-192440.80000000},{"TimeFrom":"2019-03-26T00:20:11","TimeTo":"2019-03-26T00:25:15","Situation":"flat","Value":-192440.80000000},{"TimeFrom":"2019-03-26T00:25:11","TimeTo":"2019-03-26T00:30:11","Situation":"flat","Value":0.00000000},{"TimeFrom":"2019-03-26T00:25:15","TimeTo":"2019-03-26T00:30:16","Situation":"flat","Value":0.00000000},{"TimeFrom":"2019-03-26T00:30:11","TimeTo":"2019-03-26T00:35:14","Situation":"flat","Value":0.00000000},{"TimeFrom":"2019-03-26T00:30:16","TimeTo":"2019-03-26T00:35:19","Situation":"flat","Value":0.00000000},{"TimeFrom":"2019-03-26T00:35:14","TimeTo":"2019-03-26T00:40:15","Situation":"flat","Value":0.00000000},{"TimeFrom":"2019-03-26T00:35:19","TimeTo":"2019-03-26T00:40:20","Situation":"flat","Value":0.00000000},{"TimeFrom":"2019-03-26T00:40:15","TimeTo":"2019-03-26T00:45:16","Situation":"flat","Value":0.00000000},{"TimeFrom":"2019-03-26T00:40:20","TimeTo":"2019-03-26T00:45:21","Situation":"flat","Value":0.00000000},{"TimeFrom":"2019-03-26T00:45:16","TimeTo":"2019-03-26T00:50:16","Situation":"flat","Value":0.00000000},{"TimeFrom":"2019-03-26T00:45:21","TimeTo":"2019-03-26T00:50:21","Situation":"flat","Value":0.00000000},{"TimeFrom":"2019-03-26T00:50:16","TimeTo":"2019-03-26T00:55:17","Situation":"flat","Value":27791.10000000},{"TimeFrom":"2019-03-26T00:50:21","TimeTo":"2019-03-26T00:55:22","Situation":"flat","Value":27791.10000000},{"TimeFrom":"2019-03-26T00:55:17","TimeTo":"2019-03-26T01:00:21","Situation":"flat","Value":0.00000000},{"TimeFrom":"2019-03-26T00:55:22","TimeTo":"2019-03-26T01:00:25","Situation":"flat","Value":0.00000000},{"TimeFrom":"2019-03-26T01:00:21","TimeTo":"2019-03-26T01:05:24","Situation":"flat","Value":0.00000000},{"TimeFrom":"2019-03-26T01:00:25","TimeTo":"2019-03-26T01:05:29","Situation":"flat","Value":0.00000000},{"TimeFrom":"2019-03-26T01:05:24","TimeTo":"2019-03-26T01:10:25","Situation":"flat","Value":0.00000000},{"TimeFrom":"2019-03-26T01:05:29","TimeTo":"2019-03-26T01:10:30","Situation":"flat","Value":0.00000000},{"TimeFrom":"2019-03-26T01:10:25","TimeTo":"2019-03-26T01:15:26","Situation":"flat","Value":0.00000000},{"TimeFrom":"2019-03-26T01:10:30","TimeTo":"2019-03-26T01:15:30","Situation":"flat","Value":0.00000000},{"TimeFrom":"2019-03-26T01:15:26","TimeTo":"2019-03-26T01:20:27","Situation":"flat","Value":0.00000000},{"TimeFrom":"2019-03-26T01:15:30","TimeTo":"2019-03-26T01:20:32","Situation":"flat","Value":0.00000000},{"TimeFrom":"2019-03-26T01:20:27","TimeTo":"2019-03-26T01:25:29","Situation":"flat","Value":0.00000000},{"TimeFrom":"2019-03-26T01:20:32","TimeTo":"2019-03-26T01:25:34","Situation":"flat","Value":0.00000000},{"TimeFrom":"2019-03-26T01:25:29","TimeTo":"2019-03-26T01:30:30","Situation":"flat","Value":0.00000000},{"TimeFrom":"2019-03-26T01:25:34","TimeTo":"2019-03-26T01:30:36","Situation":"flat","Value":0.00000000},{"TimeFrom":"2019-03-26T01:30:30","TimeTo":"2019-03-26T01:35:31","Situation":"flat","Value":0.00000000},{"TimeFrom":"2019-03-26T01:30:36","TimeTo":"2019-03-26T01:35:36","Situation":"flat","Value":0.00000000},{"TimeFrom":"2019-03-26T01:35:31","TimeTo":"2019-03-26T01:40:34","Situation":"flat","Value":0.00000000},{"TimeFrom":"2019-03-26T01:35:36","TimeTo":"2019-03-26T01:40:39","Situation":"flat","Value":0.00000000},{"TimeFrom":"2019-03-26T01:40:34","TimeTo":"2019-03-26T01:45:36","Situation":"flat","Value":0.00000000},{"TimeFrom":"2019-03-26T01:40:39","TimeTo":"2019-03-26T01:45:41","Situation":"flat","Value":0.00000000},{"TimeFrom":"2019-03-26T01:45:36","TimeTo":"2019-03-26T01:50:37","Situation":"flat","Value":0.00000000},{"TimeFrom":"2019-03-26T01:45:41","TimeTo":"2019-03-26T01:50:42","Situation":"flat","Value":0.00000000},{"TimeFrom":"2019-03-26T01:50:37","TimeTo":"2019-03-26T01:55:39","Situation":"flat","Value":0.00000000},{"TimeFrom":"2019-03-26T01:50:42","TimeTo":"2019-03-26T01:55:46","Situation":"flat","Value":0.00000000},{"TimeFrom":"2019-03-26T01:55:39","TimeTo":"2019-03-26T02:00:42","Situation":"flat","Value":0.00000000},{"TimeFrom":"2019-03-26T01:55:46","TimeTo":"2019-03-26T02:00:47","Situation":"flat","Value":0.00000000},{"TimeFrom":"2019-03-26T02:00:42","TimeTo":"2019-03-26T02:05:45","Situation":"flat","Value":0.00000000},{"TimeFrom":"2019-03-26T02:00:47","TimeTo":"2019-03-26T02:05:50","Situation":"flat","Value":0.00000000},{"TimeFrom":"2019-03-26T02:05:45","TimeTo":"2019-03-26T02:10:49","Situation":"flat","Value":0.00000000},{"TimeFrom":"2019-03-26T02:05:50","TimeTo":"2019-03-26T02:10:54","Situation":"flat","Value":0.00000000},{"TimeFrom":"2019-03-26T02:10:49","TimeTo":"2019-03-26T02:15:51","Situation":"flat","Value":0.00000000},{"TimeFrom":"2019-03-26T02:10:54","TimeTo":"2019-03-26T02:15:56","Situation":"flat","Value":0.00000000},{"TimeFrom":"2019-03-26T02:15:51","TimeTo":"2019-03-26T02:20:54","Situation":"flat","Value":0.00000000},{"TimeFrom":"2019-03-26T02:15:56","TimeTo":"2019-03-26T02:20:59","Situation":"flat","Value":0.00000000},{"TimeFrom":"2019-03-26T02:20:54","TimeTo":"2019-03-26T02:25:55","Situation":"flat","Value":0.00000000},{"TimeFrom":"2019-03-26T02:20:59","TimeTo":"2019-03-26T02:26:00","Situation":"flat","Value":0.00000000},{"TimeFrom":"2019-03-26T02:25:55","TimeTo":"2019-03-26T02:30:56","Situation":"flat","Value":0.00000000},{"TimeFrom":"2019-03-26T02:26:00","TimeTo":"2019-03-26T02:31:00","Situation":"flat","Value":0.00000000},{"TimeFrom":"2019-03-26T02:30:56","TimeTo":"2019-03-26T02:35:56","Situation":"flat","Value":0.00000000},{"TimeFrom":"2019-03-26T02:31:00","TimeTo":"2019-03-26T02:36:04","Situation":"flat","Value":0.00000000},{"TimeFrom":"2019-03-26T02:35:56","TimeTo":"2019-03-26T02:40:56","Situation":"flat","Value":0.00000000},{"TimeFrom":"2019-03-26T02:36:04","TimeTo":"2019-03-26T02:41:05","Situation":"flat","Value":0.00000000},{"TimeFrom":"2019-03-26T02:40:56","TimeTo":"2019-03-26T02:45:56","Situation":"flat","Value":0.00000000},{"TimeFrom":"2019-03-26T02:41:05","TimeTo":"2019-03-26T02:46:09","Situation":"flat","Value":0.00000000},{"TimeFrom":"2019-03-26T02:45:56","TimeTo":"2019-03-26T02:50:56","Situation":"flat","Value":0.00000000},{"TimeFrom":"2019-03-26T02:46:09","TimeTo":"2019-03-26T02:51:09","Situation":"flat","Value":0.00000000},{"TimeFrom":"2019-03-26T02:50:56","TimeTo":"2019-03-26T02:55:56","Situation":"flat","Value":0.00000000},{"TimeFrom":"2019-03-26T02:51:09","TimeTo":"2019-03-26T02:56:09","Situation":"flat","Value":0.00000000},{"TimeFrom":"2019-03-26T02:55:56","TimeTo":"2019-03-26T03:00:57","Situation":"flat","Value":0.00000000},{"TimeFrom":"2019-03-26T02:56:09","TimeTo":"2019-03-26T03:01:09","Situation":"flat","Value":-51650.70000000},{"TimeFrom":"2019-03-26T03:00:57","TimeTo":"2019-03-26T03:06:05","Situation":"flat","Value":-51650.70000000},{"TimeFrom":"2019-03-26T03:01:09","TimeTo":"2019-03-26T03:06:10","Situation":"flat","Value":0.00000000},{"TimeFrom":"2019-03-26T03:06:05","TimeTo":"2019-03-26T03:11:09","Situation":"flat","Value":0.00000000},{"TimeFrom":"2019-03-26T03:06:10","TimeTo":"2019-03-26T03:11:14","Situation":"flat","Value":0.00000000},{"TimeFrom":"2019-03-26T03:11:09","TimeTo":"2019-03-26T03:16:11","Situation":"flat","Value":0.00000000},{"TimeFrom":"2019-03-26T03:11:14","TimeTo":"2019-03-26T03:16:16","Situation":"flat","Value":0.00000000},{"TimeFrom":"2019-03-26T03:16:11","TimeTo":"2019-03-26T03:21:11","Situation":"flat","Value":0.00000000},{"TimeFrom":"2019-03-26T03:16:16","TimeTo":"2019-03-26T03:21:16","Situation":"flat","Value":0.00000000},{"TimeFrom":"2019-03-26T03:21:11","TimeTo":"2019-03-26T03:26:15","Situation":"flat","Value":0.00000000},{"TimeFrom":"2019-03-26T03:21:16","TimeTo":"2019-03-26T03:26:20","Situation":"flat","Value":0.00000000},{"TimeFrom":"2019-03-26T03:26:15","TimeTo":"2019-03-26T03:31:15","Situation":"flat","Value":0.00000000},{"TimeFrom":"2019-03-26T03:26:20","TimeTo":"2019-03-26T03:31:20","Situation":"flat","Value":0.00000000},{"TimeFrom":"2019-03-26T03:31:15","TimeTo":"2019-03-26T03:36:16","Situation":"flat","Value":0.00000000},{"TimeFrom":"2019-03-26T03:31:20","TimeTo":"2019-03-26T03:36:21","Situation":"flat","Value":0.00000000},{"TimeFrom":"2019-03-26T03:36:16","TimeTo":"2019-03-26T03:41:20","Situation":"flat","Value":0.00000000},{"TimeFrom":"2019-03-26T03:36:21","TimeTo":"2019-03-26T03:41:25","Situation":"flat","Value":0.00000000},{"TimeFrom":"2019-03-26T03:41:20","TimeTo":"2019-03-26T03:46:24","Situation":"flat","Value":0.00000000},{"TimeFrom":"2019-03-26T03:41:25","TimeTo":"2019-03-26T03:46:29","Situation":"flat","Value":0.00000000},{"TimeFrom":"2019-03-26T03:46:24","TimeTo":"2019-03-26T03:51:24","Situation":"flat","Value":0.00000000},{"TimeFrom":"2019-03-26T03:46:29","TimeTo":"2019-03-26T03:51:29","Situation":"flat","Value":0.00000000},{"TimeFrom":"2019-03-26T03:51:24","TimeTo":"2019-03-26T03:56:25","Situation":"flat","Value":0.00000000},{"TimeFrom":"2019-03-26T03:51:29","TimeTo":"2019-03-26T03:56:30","Situation":"flat","Value":0.00000000},{"TimeFrom":"2019-03-26T03:56:25","TimeTo":"2019-03-26T04:01:29","Situation":"flat","Value":0.00000000},{"TimeFrom":"2019-03-26T03:56:30","TimeTo":"2019-03-26T04:01:34","Situation":"flat","Value":0.00000000},{"TimeFrom":"2019-03-26T04:01:29","TimeTo":"2019-03-26T04:06:30","Situation":"flat","Value":0.00000000},{"TimeFrom":"2019-03-26T04:01:34","TimeTo":"2019-03-26T04:06:35","Situation":"flat","Value":0.00000000},{"TimeFrom":"2019-03-26T04:06:30","TimeTo":"2019-03-26T04:11:30","Situation":"flat","Value":0.00000000},{"TimeFrom":"2019-03-26T04:06:35","TimeTo":"2019-03-26T04:11:35","Situation":"flat","Value":0.00000000},{"TimeFrom":"2019-03-26T04:11:30","TimeTo":"2019-03-26T04:16:30","Situation":"flat","Value":0.00000000},{"TimeFrom":"2019-03-26T04:11:35","TimeTo":"2019-03-26T04:16:35","Situation":"flat","Value":0.00000000},{"TimeFrom":"2019-03-26T04:16:30","TimeTo":"2019-03-26T04:21:31","Situation":"flat","Value":0.00000000},{"TimeFrom":"2019-03-26T04:16:35","TimeTo":"2019-03-26T04:21:36","Situation":"flat","Value":0.00000000},{"TimeFrom":"2019-03-26T04:21:31","TimeTo":"2019-03-26T04:26:31","Situation":"flat","Value":0.00000000},{"TimeFrom":"2019-03-26T04:21:36","TimeTo":"2019-03-26T04:26:36","Situation":"flat","Value":0.00000000},{"TimeFrom":"2019-03-26T04:26:31","TimeTo":"2019-03-26T04:31:31","Situation":"flat","Value":0.00000000},{"TimeFrom":"2019-03-26T04:26:36","TimeTo":"2019-03-26T04:31:36","Situation":"flat","Value":0.00000000},{"TimeFrom":"2019-03-26T04:31:31","TimeTo":"2019-03-26T04:36:31","Situation":"flat","Value":0.00000000},{"TimeFrom":"2019-03-26T04:31:36","TimeTo":"2019-03-26T04:36:36","Situation":"flat","Value":0.00000000},{"TimeFrom":"2019-03-26T04:36:31","TimeTo":"2019-03-26T04:41:31","Situation":"flat","Value":0.00000000},{"TimeFrom":"2019-03-26T04:36:36","TimeTo":"2019-03-26T04:41:36","Situation":"flat","Value":0.00000000},{"TimeFrom":"2019-03-26T04:41:31","TimeTo":"2019-03-26T04:46:31","Situation":"flat","Value":0.00000000},{"TimeFrom":"2019-03-26T04:41:36","TimeTo":"2019-03-26T04:46:36","Situation":"flat","Value":0.00000000},{"TimeFrom":"2019-03-26T04:46:31","TimeTo":"2019-03-26T04:51:31","Situation":"flat","Value":0.00000000},{"TimeFrom":"2019-03-26T04:46:36","TimeTo":"2019-03-26T04:51:37","Situation":"flat","Value":0.00000000},{"TimeFrom":"2019-03-26T04:51:31","TimeTo":"2019-03-26T04:56:35","Situation":"flat","Value":0.00000000},{"TimeFrom":"2019-03-26T04:51:37","TimeTo":"2019-03-26T04:56:40","Situation":"flat","Value":0.00000000},{"TimeFrom":"2019-03-26T04:56:35","TimeTo":"2019-03-26T05:01:37","Situation":"flat","Value":0.00000000},{"TimeFrom":"2019-03-26T04:56:40","TimeTo":"2019-03-26T05:01:42","Situation":"flat","Value":0.00000000},{"TimeFrom":"2019-03-26T05:01:37","TimeTo":"2019-03-26T05:06:40","Situation":"flat","Value":0.00000000},{"TimeFrom":"2019-03-26T05:01:42","TimeTo":"2019-03-26T05:06:45","Situation":"flat","Value":0.00000000},{"TimeFrom":"2019-03-26T05:06:40","TimeTo":"2019-03-26T05:11:41","Situation":"flat","Value":0.00000000},{"TimeFrom":"2019-03-26T05:06:45","TimeTo":"2019-03-26T05:11:46","Situation":"flat","Value":0.00000000},{"TimeFrom":"2019-03-26T05:11:41","TimeTo":"2019-03-26T05:16:41","Situation":"flat","Value":0.00000000},{"TimeFrom":"2019-03-26T05:11:46","TimeTo":"2019-03-26T05:16:46","Situation":"flat","Value":0.00000000},{"TimeFrom":"2019-03-26T05:16:41","TimeTo":"2019-03-26T05:21:45","Situation":"flat","Value":0.00000000},{"TimeFrom":"2019-03-26T05:16:46","TimeTo":"2019-03-26T05:21:50","Situation":"flat","Value":0.00000000},{"TimeFrom":"2019-03-26T05:21:45","TimeTo":"2019-03-26T05:26:45","Situation":"flat","Value":0.00000000},{"TimeFrom":"2019-03-26T05:21:50","TimeTo":"2019-03-26T05:26:50","Situation":"flat","Value":0.00000000},{"TimeFrom":"2019-03-26T05:26:45","TimeTo":"2019-03-26T05:31:46","Situation":"flat","Value":0.00000000},{"TimeFrom":"2019-03-26T05:26:50","TimeTo":"2019-03-26T05:31:51","Situation":"flat","Value":0.00000000},{"TimeFrom":"2019-03-26T05:31:46","TimeTo":"2019-03-26T05:36:49","Situation":"flat","Value":0.00000000},{"TimeFrom":"2019-03-26T05:31:51","TimeTo":"2019-03-26T05:36:54","Situation":"flat","Value":0.00000000},{"TimeFrom":"2019-03-26T05:36:49","TimeTo":"2019-03-26T05:41:53","Situation":"flat","Value":0.00000000},{"TimeFrom":"2019-03-26T05:36:54","TimeTo":"2019-03-26T05:41:58","Situation":"flat","Value":0.00000000},{"TimeFrom":"2019-03-26T05:41:53","TimeTo":"2019-03-26T05:46:56","Situation":"flat","Value":0.00000000},{"TimeFrom":"2019-03-26T05:41:58","TimeTo":"2019-03-26T05:47:04","Situation":"flat","Value":0.00000000},{"TimeFrom":"2019-03-26T05:46:56","TimeTo":"2019-03-26T05:51:56","Situation":"flat","Value":0.00000000},{"TimeFrom":"2019-03-26T05:47:04","TimeTo":"2019-03-26T05:52:04","Situation":"flat","Value":0.00000000},{"TimeFrom":"2019-03-26T05:51:56","TimeTo":"2019-03-26T05:56:56","Situation":"flat","Value":-58524.70000000},{"TimeFrom":"2019-03-26T05:52:04","TimeTo":"2019-03-26T05:57:04","Situation":"flat","Value":-58524.70000000},{"TimeFrom":"2019-03-26T05:56:56","TimeTo":"2019-03-26T06:01:56","Situation":"flat","Value":0.00000000},{"TimeFrom":"2019-03-26T05:57:04","TimeTo":"2019-03-26T06:02:05","Situation":"flat","Value":0.00000000},{"TimeFrom":"2019-03-26T06:01:56","TimeTo":"2019-03-26T06:06:59","Situation":"flat","Value":0.00000000},{"TimeFrom":"2019-03-26T06:02:05","TimeTo":"2019-03-26T06:07:06","Situation":"flat","Value":0.00000000},{"TimeFrom":"2019-03-26T06:06:59","TimeTo":"2019-03-26T06:12:04","Situation":"flat","Value":0.00000000},{"TimeFrom":"2019-03-26T06:07:06","TimeTo":"2019-03-26T06:12:09","Situation":"flat","Value":0.00000000},{"TimeFrom":"2019-03-26T06:12:04","TimeTo":"2019-03-26T06:17:04","Situation":"flat","Value":0.00000000},{"TimeFrom":"2019-03-26T06:12:09","TimeTo":"2019-03-26T06:17:10","Situation":"flat","Value":0.00000000},{"TimeFrom":"2019-03-26T06:17:04","TimeTo":"2019-03-26T06:22:04","Situation":"flat","Value":0.00000000},{"TimeFrom":"2019-03-26T06:17:10","TimeTo":"2019-03-26T06:22:10","Situation":"flat","Value":0.00000000},{"TimeFrom":"2019-03-26T06:22:04","TimeTo":"2019-03-26T06:27:06","Situation":"flat","Value":55552.40000000},{"TimeFrom":"2019-03-26T06:22:10","TimeTo":"2019-03-26T06:27:11","Situation":"flat","Value":55552.40000000},{"TimeFrom":"2019-03-26T06:27:06","TimeTo":"2019-03-26T06:32:10","Situation":"flat","Value":0.00000000},{"TimeFrom":"2019-03-26T06:27:11","TimeTo":"2019-03-26T06:32:15","Situation":"flat","Value":0.00000000},{"TimeFrom":"2019-03-26T06:32:10","TimeTo":"2019-03-26T06:37:14","Situation":"flat","Value":0.00000000},{"TimeFrom":"2019-03-26T06:32:15","TimeTo":"2019-03-26T06:37:19","Situation":"flat","Value":0.00000000},{"TimeFrom":"2019-03-26T06:37:14","TimeTo":"2019-03-26T06:42:16","Situation":"flat","Value":-20000.10000000},{"TimeFrom":"2019-03-26T06:37:19","TimeTo":"2019-03-26T06:42:21","Situation":"flat","Value":-20000.10000000},{"TimeFrom":"2019-03-26T06:42:16","TimeTo":"2019-03-26T06:47:16","Situation":"flat","Value":0.00000000},{"TimeFrom":"2019-03-26T06:42:21","TimeTo":"2019-03-26T06:47:25","Situation":"flat","Value":0.00000000},{"TimeFrom":"2019-03-26T06:47:16","TimeTo":"2019-03-26T06:52:20","Situation":"flat","Value":0.00000000},{"TimeFrom":"2019-03-26T06:47:25","TimeTo":"2019-03-26T06:52:25","Situation":"flat","Value":0.00000000},{"TimeFrom":"2019-03-26T06:52:20","TimeTo":"2019-03-26T06:57:21","Situation":"flat","Value":-202026.00000000},{"TimeFrom":"2019-03-26T06:52:25","TimeTo":"2019-03-26T06:55:20","Situation":"trend","Value":-201916.30000000},{"TimeFrom":"2019-03-26T06:55:20","TimeTo":"2019-03-26T07:00:22","Situation":"flat","Value":-109.70000000},{"TimeFrom":"2019-03-26T06:57:21","TimeTo":"2019-03-26T07:02:22","Situation":"flat","Value":0.00000000},{"TimeFrom":"2019-03-26T07:00:22","TimeTo":"2019-03-26T07:05:23","Situation":"flat","Value":0.00000000},{"TimeFrom":"2019-03-26T07:02:22","TimeTo":"2019-03-26T07:07:24","Situation":"flat","Value":0.00000000},{"TimeFrom":"2019-03-26T07:05:23","TimeTo":"2019-03-26T07:10:26","Situation":"flat","Value":40509.40000000},{"TimeFrom":"2019-03-26T07:07:24","TimeTo":"2019-03-26T07:12:26","Situation":"flat","Value":40509.40000000},{"TimeFrom":"2019-03-26T07:10:26","TimeTo":"2019-03-26T07:15:27","Situation":"flat","Value":0.00000000},{"TimeFrom":"2019-03-26T07:12:26","TimeTo":"2019-03-26T07:17:26","Situation":"flat","Value":26701.40000000},{"TimeFrom":"2019-03-26T07:15:27","TimeTo":"2019-03-26T07:20:31","Situation":"flat","Value":26701.40000000},{"TimeFrom":"2019-03-26T07:17:26","TimeTo":"2019-03-26T07:22:30","Situation":"flat","Value":0.00000000},{"TimeFrom":"2019-03-26T07:20:31","TimeTo":"2019-03-26T07:25:35","Situation":"flat","Value":0.00000000},{"TimeFrom":"2019-03-26T07:22:30","TimeTo":"2019-03-26T07:27:32","Situation":"flat","Value":0.00000000},{"TimeFrom":"2019-03-26T07:25:35","TimeTo":"2019-03-26T07:30:38","Situation":"flat","Value":0.00000000},{"TimeFrom":"2019-03-26T07:27:32","TimeTo":"2019-03-26T07:32:36","Situation":"flat","Value":0.00000000},{"TimeFrom":"2019-03-26T07:30:38","TimeTo":"2019-03-26T07:35:39","Situation":"flat","Value":0.00000000},{"TimeFrom":"2019-03-26T07:32:36","TimeTo":"2019-03-26T07:37:36","Situation":"flat","Value":0.00000000},{"TimeFrom":"2019-03-26T07:35:39","TimeTo":"2019-03-26T07:40:39","Situation":"flat","Value":0.00000000},{"TimeFrom":"2019-03-26T07:37:36","TimeTo":"2019-03-26T07:42:37","Situation":"flat","Value":0.00000000},{"TimeFrom":"2019-03-26T07:40:39","TimeTo":"2019-03-26T07:45:41","Situation":"flat","Value":0.00000000},{"TimeFrom":"2019-03-26T07:42:37","TimeTo":"2019-03-26T07:47:37","Situation":"flat","Value":40986.30000000},{"TimeFrom":"2019-03-26T07:45:41","TimeTo":"2019-03-26T07:50:45","Situation":"flat","Value":40986.30000000},{"TimeFrom":"2019-03-26T07:47:37","TimeTo":"2019-03-26T07:52:40","Situation":"flat","Value":0.00000000},{"TimeFrom":"2019-03-26T07:50:45","TimeTo":"2019-03-26T07:55:46","Situation":"flat","Value":0.00000000},{"TimeFrom":"2019-03-26T07:52:40","TimeTo":"2019-03-26T07:57:41","Situation":"flat","Value":34131.30000000},{"TimeFrom":"2019-03-26T07:55:46","TimeTo":"2019-03-26T08:00:50","Situation":"flat","Value":34131.30000000},{"TimeFrom":"2019-03-26T07:57:41","TimeTo":"2019-03-26T08:02:44","Situation":"flat","Value":0.00000000},{"TimeFrom":"2019-03-26T08:00:50","TimeTo":"2019-03-26T08:05:52","Situation":"flat","Value":0.00000000},{"TimeFrom":"2019-03-26T08:02:44","TimeTo":"2019-03-26T08:07:47","Situation":"flat","Value":0.00000000},{"TimeFrom":"2019-03-26T08:05:52","TimeTo":"2019-03-26T08:10:53","Situation":"flat","Value":0.00000000},{"TimeFrom":"2019-03-26T08:07:47","TimeTo":"2019-03-26T08:12:50","Situation":"flat","Value":0.00000000},{"TimeFrom":"2019-03-26T08:10:53","TimeTo":"2019-03-26T08:15:53","Situation":"flat","Value":0.00000000},{"TimeFrom":"2019-03-26T08:12:50","TimeTo":"2019-03-26T08:17:51","Situation":"flat","Value":0.00000000},{"TimeFrom":"2019-03-26T08:15:53","TimeTo":"2019-03-26T08:20:55","Situation":"flat","Value":0.00000000},{"TimeFrom":"2019-03-26T08:17:51","TimeTo":"2019-03-26T08:22:55","Situation":"flat","Value":0.00000000},{"TimeFrom":"2019-03-26T08:20:55","TimeTo":"2019-03-26T08:25:56","Situation":"flat","Value":0.00000000},{"TimeFrom":"2019-03-26T08:22:55","TimeTo":"2019-03-26T08:27:56","Situation":"flat","Value":0.00000000},{"TimeFrom":"2019-03-26T08:25:56","TimeTo":"2019-03-26T08:30:59","Situation":"flat","Value":0.00000000},{"TimeFrom":"2019-03-26T08:27:56","TimeTo":"2019-03-26T08:32:56","Situation":"flat","Value":0.00000000},{"TimeFrom":"2019-03-26T08:30:59","TimeTo":"2019-03-26T08:36:04","Situation":"flat","Value":0.00000000},{"TimeFrom":"2019-03-26T08:32:56","TimeTo":"2019-03-26T08:37:56","Situation":"flat","Value":0.00000000},{"TimeFrom":"2019-03-26T08:36:04","TimeTo":"2019-03-26T08:41:06","Situation":"flat","Value":0.00000000},{"TimeFrom":"2019-03-26T08:37:56","TimeTo":"2019-03-26T08:42:57","Situation":"flat","Value":0.00000000},{"TimeFrom":"2019-03-26T08:41:06","TimeTo":"2019-03-26T08:46:07","Situation":"flat","Value":0.00000000},{"TimeFrom":"2019-03-26T08:42:57","TimeTo":"2019-03-26T08:47:59","Situation":"flat","Value":0.00000000},{"TimeFrom":"2019-03-26T08:46:07","TimeTo":"2019-03-26T08:51:11","Situation":"flat","Value":0.00000000},{"TimeFrom":"2019-03-26T08:47:59","TimeTo":"2019-03-26T08:53:05","Situation":"flat","Value":0.00000000},{"TimeFrom":"2019-03-26T08:51:11","TimeTo":"2019-03-26T08:56:13","Situation":"flat","Value":0.00000000},{"TimeFrom":"2019-03-26T08:53:05","TimeTo":"2019-03-26T08:58:05","Situation":"flat","Value":0.00000000},{"TimeFrom":"2019-03-26T08:56:13","TimeTo":"2019-03-26T09:01:17","Situation":"flat","Value":0.00000000},{"TimeFrom":"2019-03-26T08:58:05","TimeTo":"2019-03-26T09:03:05","Situation":"flat","Value":0.00000000},{"TimeFrom":"2019-03-26T09:01:17","TimeTo":"2019-03-26T09:06:20","Situation":"flat","Value":0.00000000},{"TimeFrom":"2019-03-26T09:03:05","TimeTo":"2019-03-26T09:08:05","Situation":"flat","Value":0.00000000},{"TimeFrom":"2019-03-26T09:06:20","TimeTo":"2019-03-26T09:11:21","Situation":"flat","Value":0.00000000},{"TimeFrom":"2019-03-26T09:08:05","TimeTo":"2019-03-26T09:13:06","Situation":"flat","Value":0.00000000},{"TimeFrom":"2019-03-26T09:11:21","TimeTo":"2019-03-26T09:16:21","Situation":"flat","Value":0.00000000},{"TimeFrom":"2019-03-26T09:13:06","TimeTo":"2019-03-26T09:18:10","Situation":"flat","Value":0.00000000},{"TimeFrom":"2019-03-26T09:16:21","TimeTo":"2019-03-26T09:21:21","Situation":"flat","Value":0.00000000},{"TimeFrom":"2019-03-26T09:18:10","TimeTo":"2019-03-26T09:23:12","Situation":"flat","Value":0.00000000},{"TimeFrom":"2019-03-26T09:21:21","TimeTo":"2019-03-26T09:26:24","Situation":"flat","Value":0.00000000},{"TimeFrom":"2019-03-26T09:23:12","TimeTo":"2019-03-26T09:28:12","Situation":"flat","Value":-38404.80000000},{"TimeFrom":"2019-03-26T09:26:24","TimeTo":"2019-03-26T09:31:25","Situation":"flat","Value":-38404.80000000},{"TimeFrom":"2019-03-26T09:28:12","TimeTo":"2019-03-26T09:33:14","Situation":"flat","Value":0.00000000},{"TimeFrom":"2019-03-26T09:31:25","TimeTo":"2019-03-26T09:36:25","Situation":"flat","Value":0.00000000},{"TimeFrom":"2019-03-26T09:33:14","TimeTo":"2019-03-26T09:38:15","Situation":"flat","Value":0.00000000},{"TimeFrom":"2019-03-26T09:36:25","TimeTo":"2019-03-26T09:41:26","Situation":"flat","Value":0.00000000},{"TimeFrom":"2019-03-26T09:38:15","TimeTo":"2019-03-26T09:43:15","Situation":"flat","Value":0.00000000},{"TimeFrom":"2019-03-26T09:41:26","TimeTo":"2019-03-26T09:46:26","Situation":"flat","Value":0.00000000},{"TimeFrom":"2019-03-26T09:43:15","TimeTo":"2019-03-26T09:48:17","Situation":"flat","Value":0.00000000},{"TimeFrom":"2019-03-26T09:46:26","TimeTo":"2019-03-26T09:51:29","Situation":"flat","Value":0.00000000},{"TimeFrom":"2019-03-26T09:48:17","TimeTo":"2019-03-26T09:53:17","Situation":"flat","Value":0.00000000},{"TimeFrom":"2019-03-26T09:51:29","TimeTo":"2019-03-26T09:56:29","Situation":"flat","Value":0.00000000},{"TimeFrom":"2019-03-26T09:53:17","TimeTo":"2019-03-26T09:58:21","Situation":"flat","Value":0.00000000},{"TimeFrom":"2019-03-26T09:56:29","TimeTo":"2019-03-26T10:01:29","Situation":"flat","Value":0.00000000},{"TimeFrom":"2019-03-26T09:58:21","TimeTo":"2019-03-26T10:03:24","Situation":"flat","Value":0.00000000},{"TimeFrom":"2019-03-26T10:01:29","TimeTo":"2019-03-26T10:06:31","Situation":"flat","Value":0.00000000},{"TimeFrom":"2019-03-26T10:03:24","TimeTo":"2019-03-26T10:08:26","Situation":"flat","Value":0.00000000},{"TimeFrom":"2019-03-26T10:06:31","TimeTo":"2019-03-26T10:11:31","Situation":"flat","Value":0.00000000},{"TimeFrom":"2019-03-26T10:08:26","TimeTo":"2019-03-26T10:13:26","Situation":"flat","Value":0.00000000},{"TimeFrom":"2019-03-26T10:11:31","TimeTo":"2019-03-26T10:16:34","Situation":"flat","Value":0.00000000},{"TimeFrom":"2019-03-26T10:13:26","TimeTo":"2019-03-26T10:18:29","Situation":"flat","Value":63178.10000000},{"TimeFrom":"2019-03-26T10:16:34","TimeTo":"2019-03-26T10:21:35","Situation":"flat","Value":32779.00000000},{"TimeFrom":"2019-03-26T10:18:29","TimeTo":"2019-03-26T10:23:30","Situation":"flat","Value":-30399.10000000},{"TimeFrom":"2019-03-26T10:21:35","TimeTo":"2019-03-26T10:26:35","Situation":"flat","Value":0.00000000},{"TimeFrom":"2019-03-26T10:23:30","TimeTo":"2019-03-26T10:28:32","Situation":"flat","Value":0.00000000},{"TimeFrom":"2019-03-26T10:26:35","TimeTo":"2019-03-26T10:31:36","Situation":"flat","Value":0.00000000},{"TimeFrom":"2019-03-26T10:28:32","TimeTo":"2019-03-26T10:33:35","Situation":"flat","Value":0.00000000},{"TimeFrom":"2019-03-26T10:31:36","TimeTo":"2019-03-26T10:36:36","Situation":"flat","Value":0.00000000},{"TimeFrom":"2019-03-26T10:33:35","TimeTo":"2019-03-26T10:38:36","Situation":"flat","Value":0.00000000},{"TimeFrom":"2019-03-26T10:36:36","TimeTo":"2019-03-26T10:41:37","Situation":"flat","Value":0.00000000},{"TimeFrom":"2019-03-26T10:38:36","TimeTo":"2019-03-26T10:43:40","Situation":"flat","Value":0.00000000},{"TimeFrom":"2019-03-26T10:41:37","TimeTo":"2019-03-26T10:46:39","Situation":"flat","Value":0.00000000},{"TimeFrom":"2019-03-26T10:43:40","TimeTo":"2019-03-26T10:48:44","Situation":"flat","Value":0.00000000},{"TimeFrom":"2019-03-26T10:46:39","TimeTo":"2019-03-26T10:51:40","Situation":"flat","Value":0.00000000},{"TimeFrom":"2019-03-26T10:48:44","TimeTo":"2019-03-26T10:53:48","Situation":"flat","Value":0.00000000},{"TimeFrom":"2019-03-26T10:51:40","TimeTo":"2019-03-26T10:56:44","Situation":"flat","Value":0.00000000},{"TimeFrom":"2019-03-26T10:53:48","TimeTo":"2019-03-26T10:58:53","Situation":"flat","Value":0.00000000},{"TimeFrom":"2019-03-26T10:56:44","TimeTo":"2019-03-26T11:01:45","Situation":"flat","Value":0.00000000},{"TimeFrom":"2019-03-26T10:58:53","TimeTo":"2019-03-26T11:03:54","Situation":"flat","Value":0.00000000},{"TimeFrom":"2019-03-26T11:01:45","TimeTo":"2019-03-26T11:06:45","Situation":"flat","Value":0.00000000},{"TimeFrom":"2019-03-26T11:03:54","TimeTo":"2019-03-26T11:08:54","Situation":"flat","Value":0.00000000},{"TimeFrom":"2019-03-26T11:06:45","TimeTo":"2019-03-26T11:11:47","Situation":"flat","Value":0.00000000},{"TimeFrom":"2019-03-26T11:08:54","TimeTo":"2019-03-26T11:13:56","Situation":"flat","Value":0.00000000},{"TimeFrom":"2019-03-26T11:11:47","TimeTo":"2019-03-26T11:16:51","Situation":"flat","Value":0.00000000},{"TimeFrom":"2019-03-26T11:13:56","TimeTo":"2019-03-26T11:19:00","Situation":"flat","Value":0.00000000},{"TimeFrom":"2019-03-26T11:16:51","TimeTo":"2019-03-26T11:21:51","Situation":"flat","Value":0.00000000},{"TimeFrom":"2019-03-26T11:19:00","TimeTo":"2019-03-26T11:24:05","Situation":"flat","Value":0.00000000},{"TimeFrom":"2019-03-26T11:21:51","TimeTo":"2019-03-26T11:26:54","Situation":"flat","Value":0.00000000},{"TimeFrom":"2019-03-26T11:24:05","TimeTo":"2019-03-26T11:29:09","Situation":"flat","Value":0.00000000},{"TimeFrom":"2019-03-26T11:26:54","TimeTo":"2019-03-26T11:31:57","Situation":"flat","Value":-13843.60000000},{"TimeFrom":"2019-03-26T11:29:09","TimeTo":"2019-03-26T11:34:09","Situation":"flat","Value":-42764.10000000},{"TimeFrom":"2019-03-26T11:31:57","TimeTo":"2019-03-26T11:37:00","Situation":"flat","Value":-28920.50000000},{"TimeFrom":"2019-03-26T11:34:09","TimeTo":"2019-03-26T11:39:11","Situation":"flat","Value":0.00000000},{"TimeFrom":"2019-03-26T11:37:00","TimeTo":"2019-03-26T11:42:03","Situation":"flat","Value":22246.70000000},{"TimeFrom":"2019-03-26T11:39:11","TimeTo":"2019-03-26T11:44:15","Situation":"flat","Value":180194.70000000},{"TimeFrom":"2019-03-26T11:42:03","TimeTo":"2019-03-26T11:47:07","Situation":"flat","Value":157948.00000000},{"TimeFrom":"2019-03-26T11:44:15","TimeTo":"2019-03-26T11:49:16","Situation":"flat","Value":0.00000000},{"TimeFrom":"2019-03-26T11:47:07","TimeTo":"2019-03-26T11:52:09","Situation":"flat","Value":0.00000000},{"TimeFrom":"2019-03-26T11:49:16","TimeTo":"2019-03-26T11:54:19","Situation":"flat","Value":0.00000000},{"TimeFrom":"2019-03-26T11:52:09","TimeTo":"2019-03-26T11:57:10","Situation":"flat","Value":0.00000000},{"TimeFrom":"2019-03-26T11:54:19","TimeTo":"2019-03-26T11:59:21","Situation":"flat","Value":0.00000000},{"TimeFrom":"2019-03-26T11:57:10","TimeTo":"2019-03-26T12:02:12","Situation":"flat","Value":0.00000000},{"TimeFrom":"2019-03-26T11:59:21","TimeTo":"2019-03-26T12:04:25","Situation":"flat","Value":0.00000000},{"TimeFrom":"2019-03-26T12:02:12","TimeTo":"2019-03-26T12:07:16","Situation":"flat","Value":0.00000000},{"TimeFrom":"2019-03-26T12:04:25","TimeTo":"2019-03-26T12:09:26","Situation":"flat","Value":0.00000000},{"TimeFrom":"2019-03-26T12:07:16","TimeTo":"2019-03-26T12:12:19","Situation":"flat","Value":0.00000000},{"TimeFrom":"2019-03-26T12:09:26","TimeTo":"2019-03-26T12:14:27","Situation":"flat","Value":0.00000000},{"TimeFrom":"2019-03-26T12:12:19","TimeTo":"2019-03-26T12:17:19","Situation":"flat","Value":0.00000000},{"TimeFrom":"2019-03-26T12:14:27","TimeTo":"2019-03-26T12:19:29","Situation":"flat","Value":0.00000000},{"TimeFrom":"2019-03-26T12:17:19","TimeTo":"2019-03-26T12:22:20","Situation":"flat","Value":0.00000000},{"TimeFrom":"2019-03-26T12:19:29","TimeTo":"2019-03-26T12:24:30","Situation":"flat","Value":0.00000000},{"TimeFrom":"2019-03-26T12:22:20","TimeTo":"2019-03-26T12:27:21","Situation":"flat","Value":0.00000000},{"TimeFrom":"2019-03-26T12:24:30","TimeTo":"2019-03-26T12:29:30","Situation":"flat","Value":-40765.50000000},{"TimeFrom":"2019-03-26T12:27:21","TimeTo":"2019-03-26T12:32:22","Situation":"flat","Value":-40765.50000000},{"TimeFrom":"2019-03-26T12:29:30","TimeTo":"2019-03-26T12:34:31","Situation":"flat","Value":0.00000000},{"TimeFrom":"2019-03-26T12:32:22","TimeTo":"2019-03-26T12:37:26","Situation":"flat","Value":0.00000000},{"TimeFrom":"2019-03-26T12:34:31","TimeTo":"2019-03-26T12:39:34","Situation":"flat","Value":-13182.80000000},{"TimeFrom":"2019-03-26T12:37:26","TimeTo":"2019-03-26T12:42:30","Situation":"flat","Value":6817.30000000},{"TimeFrom":"2019-03-26T12:39:34","TimeTo":"2019-03-26T12:44:36","Situation":"flat","Value":53089.20000000},{"TimeFrom":"2019-03-26T12:42:30","TimeTo":"2019-03-26T12:47:34","Situation":"flat","Value":33089.10000000},{"TimeFrom":"2019-03-26T12:44:36","TimeTo":"2019-03-26T12:49:37","Situation":"flat","Value":0.00000000},{"TimeFrom":"2019-03-26T12:47:34","TimeTo":"2019-03-26T12:52:36","Situation":"flat","Value":0.00000000},{"TimeFrom":"2019-03-26T12:49:37","TimeTo":"2019-03-26T12:54:41","Situation":"flat","Value":0.00000000},{"TimeFrom":"2019-03-26T12:52:36","TimeTo":"2019-03-26T12:57:39","Situation":"flat","Value":64255.40000000},{"TimeFrom":"2019-03-26T12:54:41","TimeTo":"2019-03-26T12:59:44","Situation":"flat","Value":64255.40000000},{"TimeFrom":"2019-03-26T12:57:39","TimeTo":"2019-03-26T13:00:50","Situation":"trend","Value":0.00000000},{"TimeFrom":"2019-03-26T12:59:44","TimeTo":"2019-03-26T13:00:55","Situation":"trend","Value":0.00000000},{"TimeFrom":"2019-03-26T13:00:50","TimeTo":"2019-03-26T13:05:52","Situation":"flat","Value":426881.10000000},{"TimeFrom":"2019-03-26T13:00:55","TimeTo":"2019-03-26T13:05:55","Situation":"flat","Value":426881.10000000},{"TimeFrom":"2019-03-26T13:05:52","TimeTo":"2019-03-26T13:10:54","Situation":"flat","Value":0.00000000},{"TimeFrom":"2019-03-26T13:05:55","TimeTo":"2019-03-26T13:10:59","Situation":"flat","Value":0.00000000},{"TimeFrom":"2019-03-26T13:10:54","TimeTo":"2019-03-26T13:15:55","Situation":"flat","Value":0.00000000},{"TimeFrom":"2019-03-26T13:10:59","TimeTo":"2019-03-26T13:15:59","Situation":"flat","Value":0.00000000},{"TimeFrom":"2019-03-26T13:15:55","TimeTo":"2019-03-26T13:20:55","Situation":"flat","Value":0.00000000},{"TimeFrom":"2019-03-26T13:15:59","TimeTo":"2019-03-26T13:20:59","Situation":"flat","Value":0.00000000},{"TimeFrom":"2019-03-26T13:20:55","TimeTo":"2019-03-26T13:25:59","Situation":"flat","Value":-20000.00000000},{"TimeFrom":"2019-03-26T13:20:59","TimeTo":"2019-03-26T13:25:59","Situation":"flat","Value":-20000.00000000},{"TimeFrom":"2019-03-26T13:25:59","TimeTo":"2019-03-26T13:28:50","Situation":"trend","Value":-49279.20000000},{"TimeFrom":"2019-03-26T13:25:59","TimeTo":"2019-03-26T13:28:50","Situation":"trend","Value":-49279.20000000},{"TimeFrom":"2019-03-26T13:28:50","TimeTo":"2019-03-26T13:32:40","Situation":"trend","Value":-543740.50000000},{"TimeFrom":"2019-03-26T13:28:50","TimeTo":"2019-03-26T13:32:40","Situation":"trend","Value":-543740.50000000},{"TimeFrom":"2019-03-26T13:32:40","TimeTo":"2019-03-26T13:37:40","Situation":"flat","Value":0.00000000},{"TimeFrom":"2019-03-26T13:32:40","TimeTo":"2019-03-26T13:37:40","Situation":"flat","Value":0.00000000},{"TimeFrom":"2019-03-26T13:37:40","TimeTo":"2019-03-26T13:38:11","Situation":"trend","Value":107220.80000000},{"TimeFrom":"2019-03-26T13:37:40","TimeTo":"2019-03-26T13:38:26","Situation":"trend","Value":107220.80000000},{"TimeFrom":"2019-03-26T13:38:11","TimeTo":"2019-03-26T13:43:14","Situation":"flat","Value":114788.40000000},{"TimeFrom":"2019-03-26T13:38:26","TimeTo":"2019-03-26T13:43:29","Situation":"flat","Value":7567.60000000},{"TimeFrom":"2019-03-26T13:43:14","TimeTo":"2019-03-26T13:44:10","Situation":"trend","Value":0.00000000},{"TimeFrom":"2019-03-26T13:43:29","TimeTo":"2019-03-26T13:44:30","Situation":"trend","Value":0.00000000},{"TimeFrom":"2019-03-26T13:44:10","TimeTo":"2019-03-26T13:49:10","Situation":"flat","Value":-33261.90000000},{"TimeFrom":"2019-03-26T13:44:30","TimeTo":"2019-03-26T13:49:30","Situation":"flat","Value":-33261.90000000},{"TimeFrom":"2019-03-26T13:49:10","TimeTo":"2019-03-26T13:54:14","Situation":"flat","Value":-11711.50000000},{"TimeFrom":"2019-03-26T13:49:30","TimeTo":"2019-03-26T13:54:34","Situation":"flat","Value":-11711.50000000},{"TimeFrom":"2019-03-26T13:54:14","TimeTo":"2019-03-26T13:59:16","Situation":"flat","Value":0.00000000},{"TimeFrom":"2019-03-26T13:54:34","TimeTo":"2019-03-26T13:59:37","Situation":"flat","Value":0.00000000},{"TimeFrom":"2019-03-26T13:59:16","TimeTo":"2019-03-26T14:04:20","Situation":"flat","Value":0.00000000},{"TimeFrom":"2019-03-26T13:59:37","TimeTo":"2019-03-26T14:04:40","Situation":"flat","Value":0.00000000},{"TimeFrom":"2019-03-26T14:04:20","TimeTo":"2019-03-26T14:05:05","Situation":"trend","Value":0.00000000},{"TimeFrom":"2019-03-26T14:04:40","TimeTo":"2019-03-26T14:04:50","Situation":"trend","Value":0.00000000},{"TimeFrom":"2019-03-26T14:04:50","TimeTo":"2019-03-26T14:09:51","Situation":"flat","Value":0.00000000},{"TimeFrom":"2019-03-26T14:05:05","TimeTo":"2019-03-26T14:10:05","Situation":"flat","Value":0.00000000},{"TimeFrom":"2019-03-26T14:09:51","TimeTo":"2019-03-26T14:11:07","Situation":"trend","Value":0.00000000},{"TimeFrom":"2019-03-26T14:10:05","TimeTo":"2019-03-26T14:11:07","Situation":"trend","Value":0.00000000},{"TimeFrom":"2019-03-26T14:11:07","TimeTo":"2019-03-26T14:16:10","Situation":"flat","Value":-46813.80000000},{"TimeFrom":"2019-03-26T14:11:07","TimeTo":"2019-03-26T14:16:10","Situation":"flat","Value":-46813.80000000},{"TimeFrom":"2019-03-26T14:16:10","TimeTo":"2019-03-26T14:21:11","Situation":"flat","Value":0.00000000},{"TimeFrom":"2019-03-26T14:16:10","TimeTo":"2019-03-26T14:21:11","Situation":"flat","Value":0.00000000},{"TimeFrom":"2019-03-26T14:21:11","TimeTo":"2019-03-26T14:26:13","Situation":"flat","Value":0.00000000},{"TimeFrom":"2019-03-26T14:21:11","TimeTo":"2019-03-26T14:26:14","Situation":"flat","Value":0.00000000},{"TimeFrom":"2019-03-26T14:26:13","TimeTo":"2019-03-26T14:31:14","Situation":"flat","Value":0.00000000},{"TimeFrom":"2019-03-26T14:26:14","TimeTo":"2019-03-26T14:31:14","Situation":"flat","Value":0.00000000},{"TimeFrom":"2019-03-26T14:31:14","TimeTo":"2019-03-26T14:36:14","Situation":"flat","Value":0.00000000},{"TimeFrom":"2019-03-26T14:31:14","TimeTo":"2019-03-26T14:36:14","Situation":"flat","Value":0.00000000},{"TimeFrom":"2019-03-26T14:36:14","TimeTo":"2019-03-26T14:41:16","Situation":"flat","Value":0.00000000},{"TimeFrom":"2019-03-26T14:36:14","TimeTo":"2019-03-26T14:41:16","Situation":"flat","Value":0.00000000},{"TimeFrom":"2019-03-26T14:41:16","TimeTo":"2019-03-26T14:46:16","Situation":"flat","Value":0.00000000},{"TimeFrom":"2019-03-26T14:41:16","TimeTo":"2019-03-26T14:46:16","Situation":"flat","Value":0.00000000},{"TimeFrom":"2019-03-26T14:46:16","TimeTo":"2019-03-26T14:51:19","Situation":"flat","Value":170198.90000000},{"TimeFrom":"2019-03-26T14:46:16","TimeTo":"2019-03-26T14:51:19","Situation":"flat","Value":170198.90000000},{"TimeFrom":"2019-03-26T14:51:19","TimeTo":"2019-03-26T14:56:19","Situation":"flat","Value":48141.30000000},{"TimeFrom":"2019-03-26T14:51:19","TimeTo":"2019-03-26T14:56:19","Situation":"flat","Value":48141.30000000},{"TimeFrom":"2019-03-26T14:56:19","TimeTo":"2019-03-26T15:01:19","Situation":"flat","Value":0.00000000},{"TimeFrom":"2019-03-26T14:56:19","TimeTo":"2019-03-26T15:01:19","Situation":"flat","Value":0.00000000},{"TimeFrom":"2019-03-26T15:01:19","TimeTo":"2019-03-26T15:06:19","Situation":"flat","Value":0.00000000},{"TimeFrom":"2019-03-26T15:01:19","TimeTo":"2019-03-26T15:06:20","Situation":"flat","Value":0.00000000},{"TimeFrom":"2019-03-26T15:06:19","TimeTo":"2019-03-26T15:11:22","Situation":"flat","Value":0.00000000},{"TimeFrom":"2019-03-26T15:06:20","TimeTo":"2019-03-26T15:11:22","Situation":"flat","Value":0.00000000},{"TimeFrom":"2019-03-26T15:11:22","TimeTo":"2019-03-26T15:16:26","Situation":"flat","Value":82034.90000000},{"TimeFrom":"2019-03-26T15:11:22","TimeTo":"2019-03-26T15:16:26","Situation":"flat","Value":82034.90000000},{"TimeFrom":"2019-03-26T15:16:26","TimeTo":"2019-03-26T15:21:26","Situation":"flat","Value":0.00000000},{"TimeFrom":"2019-03-26T15:16:26","TimeTo":"2019-03-26T15:21:26","Situation":"flat","Value":0.00000000},{"TimeFrom":"2019-03-26T15:21:26","TimeTo":"2019-03-26T15:26:26","Situation":"flat","Value":0.00000000},{"TimeFrom":"2019-03-26T15:21:26","TimeTo":"2019-03-26T15:26:26","Situation":"flat","Value":0.00000000},{"TimeFrom":"2019-03-26T15:26:26","TimeTo":"2019-03-26T15:31:28","Situation":"flat","Value":0.00000000},{"TimeFrom":"2019-03-26T15:26:26","TimeTo":"2019-03-26T15:31:29","Situation":"flat","Value":0.00000000},{"TimeFrom":"2019-03-26T15:31:28","TimeTo":"2019-03-26T15:36:28","Situation":"flat","Value":-21500.90000000},{"TimeFrom":"2019-03-26T15:31:29","TimeTo":"2019-03-26T15:36:29","Situation":"flat","Value":-21500.90000000},{"TimeFrom":"2019-03-26T15:36:28","TimeTo":"2019-03-26T15:41:32","Situation":"flat","Value":0.00000000},{"TimeFrom":"2019-03-26T15:36:29","TimeTo":"2019-03-26T15:41:32","Situation":"flat","Value":0.00000000},{"TimeFrom":"2019-03-26T15:41:32","TimeTo":"2019-03-26T15:46:35","Situation":"flat","Value":0.00000000},{"TimeFrom":"2019-03-26T15:41:32","TimeTo":"2019-03-26T15:46:35","Situation":"flat","Value":0.00000000},{"TimeFrom":"2019-03-26T15:46:35","TimeTo":"2019-03-26T15:51:39","Situation":"flat","Value":0.00000000},{"TimeFrom":"2019-03-26T15:46:35","TimeTo":"2019-03-26T15:51:39","Situation":"flat","Value":0.00000000},{"TimeFrom":"2019-03-26T15:51:39","TimeTo":"2019-03-26T15:56:39","Situation":"flat","Value":0.00000000},{"TimeFrom":"2019-03-26T15:51:39","TimeTo":"2019-03-26T15:56:40","Situation":"flat","Value":0.00000000},{"TimeFrom":"2019-03-26T15:56:39","TimeTo":"2019-03-26T16:01:41","Situation":"flat","Value":20000.00000000},{"TimeFrom":"2019-03-26T15:56:40","TimeTo":"2019-03-26T16:01:41","Situation":"flat","Value":20000.00000000},{"TimeFrom":"2019-03-26T16:01:41","TimeTo":"2019-03-26T16:06:42","Situation":"flat","Value":22506.00000000},{"TimeFrom":"2019-03-26T16:01:41","TimeTo":"2019-03-26T16:06:42","Situation":"flat","Value":22506.00000000},{"TimeFrom":"2019-03-26T16:06:42","TimeTo":"2019-03-26T16:11:45","Situation":"flat","Value":0.00000000},{"TimeFrom":"2019-03-26T16:06:42","TimeTo":"2019-03-26T16:11:45","Situation":"flat","Value":0.00000000},{"TimeFrom":"2019-03-26T16:11:45","TimeTo":"2019-03-26T16:16:49","Situation":"flat","Value":0.00000000},{"TimeFrom":"2019-03-26T16:11:45","TimeTo":"2019-03-26T16:16:49","Situation":"flat","Value":0.00000000},{"TimeFrom":"2019-03-26T16:16:49","TimeTo":"2019-03-26T16:21:50","Situation":"flat","Value":0.00000000},{"TimeFrom":"2019-03-26T16:16:49","TimeTo":"2019-03-26T16:21:50","Situation":"flat","Value":0.00000000},{"TimeFrom":"2019-03-26T16:21:50","TimeTo":"2019-03-26T16:26:50","Situation":"flat","Value":-29102.90000000},{"TimeFrom":"2019-03-26T16:21:50","TimeTo":"2019-03-26T16:26:50","Situation":"flat","Value":-29102.90000000},{"TimeFrom":"2019-03-26T16:26:50","TimeTo":"2019-03-26T16:31:50","Situation":"flat","Value":0.00000000},{"TimeFrom":"2019-03-26T16:26:50","TimeTo":"2019-03-26T16:31:50","Situation":"flat","Value":0.00000000},{"TimeFrom":"2019-03-26T16:31:50","TimeTo":"2019-03-26T16:36:51","Situation":"flat","Value":0.00000000},{"TimeFrom":"2019-03-26T16:31:50","TimeTo":"2019-03-26T16:36:51","Situation":"flat","Value":0.00000000},{"TimeFrom":"2019-03-26T16:36:51","TimeTo":"2019-03-26T16:41:55","Situation":"flat","Value":0.00000000},{"TimeFrom":"2019-03-26T16:36:51","TimeTo":"2019-03-26T16:41:55","Situation":"flat","Value":0.00000000},{"TimeFrom":"2019-03-26T16:41:55","TimeTo":"2019-03-26T16:46:56","Situation":"flat","Value":0.00000000},{"TimeFrom":"2019-03-26T16:41:55","TimeTo":"2019-03-26T16:46:56","Situation":"flat","Value":0.00000000},{"TimeFrom":"2019-03-26T16:46:56","TimeTo":"2019-03-26T16:51:56","Situation":"flat","Value":0.00000000},{"TimeFrom":"2019-03-26T16:46:56","TimeTo":"2019-03-26T16:51:56","Situation":"flat","Value":0.00000000},{"TimeFrom":"2019-03-26T16:51:56","TimeTo":"2019-03-26T16:56:57","Situation":"flat","Value":0.00000000},{"TimeFrom":"2019-03-26T16:51:56","TimeTo":"2019-03-26T16:56:57","Situation":"flat","Value":0.00000000},{"TimeFrom":"2019-03-26T16:56:57","TimeTo":"2019-03-26T17:02:04","Situation":"flat","Value":0.00000000},{"TimeFrom":"2019-03-26T16:56:57","TimeTo":"2019-03-26T17:02:05","Situation":"flat","Value":0.00000000},{"TimeFrom":"2019-03-26T17:02:04","TimeTo":"2019-03-26T17:07:06","Situation":"flat","Value":0.00000000},{"TimeFrom":"2019-03-26T17:02:05","TimeTo":"2019-03-26T17:07:06","Situation":"flat","Value":0.00000000},{"TimeFrom":"2019-03-26T17:07:06","TimeTo":"2019-03-26T17:12:06","Situation":"flat","Value":27427.00000000},{"TimeFrom":"2019-03-26T17:07:06","TimeTo":"2019-03-26T17:12:10","Situation":"flat","Value":27427.00000000},{"TimeFrom":"2019-03-26T17:12:06","TimeTo":"2019-03-26T17:17:07","Situation":"flat","Value":0.00000000},{"TimeFrom":"2019-03-26T17:12:10","TimeTo":"2019-03-26T17:17:12","Situation":"flat","Value":0.00000000},{"TimeFrom":"2019-03-26T17:17:07","TimeTo":"2019-03-26T17:22:11","Situation":"flat","Value":0.00000000},{"TimeFrom":"2019-03-26T17:17:12","TimeTo":"2019-03-26T17:22:16","Situation":"flat","Value":0.00000000},{"TimeFrom":"2019-03-26T17:22:11","TimeTo":"2019-03-26T17:27:15","Situation":"flat","Value":0.00000000},{"TimeFrom":"2019-03-26T17:22:16","TimeTo":"2019-03-26T17:27:20","Situation":"flat","Value":0.00000000},{"TimeFrom":"2019-03-26T17:27:15","TimeTo":"2019-03-26T17:32:17","Situation":"flat","Value":-97897.20000000},{"TimeFrom":"2019-03-26T17:27:20","TimeTo":"2019-03-26T17:32:22","Situation":"flat","Value":-97897.20000000},{"TimeFrom":"2019-03-26T17:32:17","TimeTo":"2019-03-26T17:37:21","Situation":"flat","Value":0.00000000},{"TimeFrom":"2019-03-26T17:32:22","TimeTo":"2019-03-26T17:37:26","Situation":"flat","Value":0.00000000},{"TimeFrom":"2019-03-26T17:37:21","TimeTo":"2019-03-26T17:42:25","Situation":"flat","Value":0.00000000},{"TimeFrom":"2019-03-26T17:37:26","TimeTo":"2019-03-26T17:42:29","Situation":"flat","Value":0.00000000},{"TimeFrom":"2019-03-26T17:42:25","TimeTo":"2019-03-26T17:47:25","Situation":"flat","Value":0.00000000},{"TimeFrom":"2019-03-26T17:42:29","TimeTo":"2019-03-26T17:47:32","Situation":"flat","Value":0.00000000},{"TimeFrom":"2019-03-26T17:47:25","TimeTo":"2019-03-26T17:52:25","Situation":"flat","Value":0.00000000},{"TimeFrom":"2019-03-26T17:47:32","TimeTo":"2019-03-26T17:52:35","Situation":"flat","Value":0.00000000},{"TimeFrom":"2019-03-26T17:52:25","TimeTo":"2019-03-26T17:57:26","Situation":"flat","Value":0.00000000},{"TimeFrom":"2019-03-26T17:52:35","TimeTo":"2019-03-26T17:57:36","Situation":"flat","Value":0.00000000},{"TimeFrom":"2019-03-26T17:57:26","TimeTo":"2019-03-26T18:02:30","Situation":"flat","Value":0.00000000},{"TimeFrom":"2019-03-26T17:57:36","TimeTo":"2019-03-26T18:02:40","Situation":"flat","Value":0.00000000},{"TimeFrom":"2019-03-26T18:02:30","TimeTo":"2019-03-26T18:07:31","Situation":"flat","Value":0.00000000},{"TimeFrom":"2019-03-26T18:02:40","TimeTo":"2019-03-26T18:07:41","Situation":"flat","Value":0.00000000},{"TimeFrom":"2019-03-26T18:07:31","TimeTo":"2019-03-26T18:12:31","Situation":"flat","Value":0.00000000},{"TimeFrom":"2019-03-26T18:07:41","TimeTo":"2019-03-26T18:12:41","Situation":"flat","Value":0.00000000},{"TimeFrom":"2019-03-26T18:12:31","TimeTo":"2019-03-26T18:17:35","Situation":"flat","Value":0.00000000},{"TimeFrom":"2019-03-26T18:12:41","TimeTo":"2019-03-26T18:17:45","Situation":"flat","Value":0.00000000},{"TimeFrom":"2019-03-26T18:17:35","TimeTo":"2019-03-26T18:22:39","Situation":"flat","Value":0.00000000},{"TimeFrom":"2019-03-26T18:17:45","TimeTo":"2019-03-26T18:22:48","Situation":"flat","Value":0.00000000},{"TimeFrom":"2019-03-26T18:22:39","TimeTo":"2019-03-26T18:27:41","Situation":"flat","Value":0.00000000},{"TimeFrom":"2019-03-26T18:22:48","TimeTo":"2019-03-26T18:27:51","Situation":"flat","Value":0.00000000},{"TimeFrom":"2019-03-26T18:27:41","TimeTo":"2019-03-26T18:32:44","Situation":"flat","Value":0.00000000},{"TimeFrom":"2019-03-26T18:27:51","TimeTo":"2019-03-26T18:32:54","Situation":"flat","Value":0.00000000},{"TimeFrom":"2019-03-26T18:32:44","TimeTo":"2019-03-26T18:37:45","Situation":"flat","Value":0.00000000},{"TimeFrom":"2019-03-26T18:32:54","TimeTo":"2019-03-26T18:37:55","Situation":"flat","Value":0.00000000},{"TimeFrom":"2019-03-26T18:37:45","TimeTo":"2019-03-26T18:42:45","Situation":"flat","Value":0.00000000},{"TimeFrom":"2019-03-26T18:37:55","TimeTo":"2019-03-26T18:42:55","Situation":"flat","Value":0.00000000},{"TimeFrom":"2019-03-26T18:42:45","TimeTo":"2019-03-26T18:47:46","Situation":"flat","Value":0.00000000},{"TimeFrom":"2019-03-26T18:42:55","TimeTo":"2019-03-26T18:47:56","Situation":"flat","Value":0.00000000},{"TimeFrom":"2019-03-26T18:47:46","TimeTo":"2019-03-26T18:52:49","Situation":"flat","Value":0.00000000},{"TimeFrom":"2019-03-26T18:47:56","TimeTo":"2019-03-26T18:53:00","Situation":"flat","Value":0.00000000},{"TimeFrom":"2019-03-26T18:52:49","TimeTo":"2019-03-26T18:57:50","Situation":"flat","Value":0.00000000},{"TimeFrom":"2019-03-26T18:53:00","TimeTo":"2019-03-26T18:58:00","Situation":"flat","Value":0.00000000},{"TimeFrom":"2019-03-26T18:57:50","TimeTo":"2019-03-26T19:02:50","Situation":"flat","Value":0.00000000},{"TimeFrom":"2019-03-26T18:58:00","TimeTo":"2019-03-26T19:03:06","Situation":"flat","Value":0.00000000},{"TimeFrom":"2019-03-26T19:02:50","TimeTo":"2019-03-26T19:07:50","Situation":"flat","Value":0.00000000},{"TimeFrom":"2019-03-26T19:03:06","TimeTo":"2019-03-26T19:08:10","Situation":"flat","Value":0.00000000},{"TimeFrom":"2019-03-26T19:07:50","TimeTo":"2019-03-26T19:12:51","Situation":"flat","Value":0.00000000},{"TimeFrom":"2019-03-26T19:08:10","TimeTo":"2019-03-26T19:13:13","Situation":"flat","Value":0.00000000},{"TimeFrom":"2019-03-26T19:12:51","TimeTo":"2019-03-26T19:17:51","Situation":"flat","Value":0.00000000},{"TimeFrom":"2019-03-26T19:13:13","TimeTo":"2019-03-26T19:18:13","Situation":"flat","Value":0.00000000},{"TimeFrom":"2019-03-26T19:17:51","TimeTo":"2019-03-26T19:22:55","Situation":"flat","Value":-45739.10000000},{"TimeFrom":"2019-03-26T19:18:13","TimeTo":"2019-03-26T19:23:16","Situation":"flat","Value":-45739.10000000},{"TimeFrom":"2019-03-26T19:22:55","TimeTo":"2019-03-26T19:27:55","Situation":"flat","Value":-30827.20000000},{"TimeFrom":"2019-03-26T19:23:16","TimeTo":"2019-03-26T19:28:16","Situation":"flat","Value":-30827.20000000},{"TimeFrom":"2019-03-26T19:27:55","TimeTo":"2019-03-26T19:32:55","Situation":"flat","Value":0.00000000},{"TimeFrom":"2019-03-26T19:28:16","TimeTo":"2019-03-26T19:33:17","Situation":"flat","Value":0.00000000},{"TimeFrom":"2019-03-26T19:32:55","TimeTo":"2019-03-26T19:37:55","Situation":"flat","Value":0.00000000},{"TimeFrom":"2019-03-26T19:33:17","TimeTo":"2019-03-26T19:38:17","Situation":"flat","Value":0.00000000},{"TimeFrom":"2019-03-26T19:37:55","TimeTo":"2019-03-26T19:42:55","Situation":"flat","Value":0.00000000},{"TimeFrom":"2019-03-26T19:38:17","TimeTo":"2019-03-26T19:43:20","Situation":"flat","Value":0.00000000},{"TimeFrom":"2019-03-26T19:42:55","TimeTo":"2019-03-26T19:47:58","Situation":"flat","Value":0.00000000},{"TimeFrom":"2019-03-26T19:43:20","TimeTo":"2019-03-26T19:48:20","Situation":"flat","Value":0.00000000},{"TimeFrom":"2019-03-26T19:47:58","TimeTo":"2019-03-26T19:52:59","Situation":"flat","Value":0.00000000},{"TimeFrom":"2019-03-26T19:48:20","TimeTo":"2019-03-26T19:53:20","Situation":"flat","Value":0.00000000},{"TimeFrom":"2019-03-26T19:52:59","TimeTo":"2019-03-26T19:57:59","Situation":"flat","Value":0.00000000},{"TimeFrom":"2019-03-26T19:53:20","TimeTo":"2019-03-26T19:58:22","Situation":"flat","Value":0.00000000},{"TimeFrom":"2019-03-26T19:57:59","TimeTo":"2019-03-26T20:03:05","Situation":"flat","Value":0.00000000},{"TimeFrom":"2019-03-26T19:58:22","TimeTo":"2019-03-26T20:03:26","Situation":"flat","Value":0.00000000},{"TimeFrom":"2019-03-26T20:03:05","TimeTo":"2019-03-26T20:08:07","Situation":"flat","Value":0.00000000},{"TimeFrom":"2019-03-26T20:03:26","TimeTo":"2019-03-26T20:08:27","Situation":"flat","Value":0.00000000},{"TimeFrom":"2019-03-26T20:08:07","TimeTo":"2019-03-26T20:13:10","Situation":"flat","Value":21754.50000000},{"TimeFrom":"2019-03-26T20:08:27","TimeTo":"2019-03-26T20:13:30","Situation":"flat","Value":21754.50000000},{"TimeFrom":"2019-03-26T20:13:10","TimeTo":"2019-03-26T20:18:13","Situation":"flat","Value":0.00000000},{"TimeFrom":"2019-03-26T20:13:30","TimeTo":"2019-03-26T20:18:34","Situation":"flat","Value":0.00000000},{"TimeFrom":"2019-03-26T20:18:13","TimeTo":"2019-03-26T20:23:15","Situation":"flat","Value":0.00000000},{"TimeFrom":"2019-03-26T20:18:34","TimeTo":"2019-03-26T20:23:35","Situation":"flat","Value":0.00000000},{"TimeFrom":"2019-03-26T20:23:15","TimeTo":"2019-03-26T20:28:16","Situation":"flat","Value":0.00000000},{"TimeFrom":"2019-03-26T20:23:35","TimeTo":"2019-03-26T20:28:36","Situation":"flat","Value":0.00000000},{"TimeFrom":"2019-03-26T20:28:16","TimeTo":"2019-03-26T20:33:19","Situation":"flat","Value":0.00000000},{"TimeFrom":"2019-03-26T20:28:36","TimeTo":"2019-03-26T20:33:39","Situation":"flat","Value":0.00000000},{"TimeFrom":"2019-03-26T20:33:19","TimeTo":"2019-03-26T20:38:21","Situation":"flat","Value":0.00000000},{"TimeFrom":"2019-03-26T20:33:39","TimeTo":"2019-03-26T20:38:41","Situation":"flat","Value":0.00000000},{"TimeFrom":"2019-03-26T20:38:21","TimeTo":"2019-03-26T20:43:22","Situation":"flat","Value":0.00000000},{"TimeFrom":"2019-03-26T20:38:41","TimeTo":"2019-03-26T20:43:42","Situation":"flat","Value":0.00000000},{"TimeFrom":"2019-03-26T20:43:22","TimeTo":"2019-03-26T20:48:25","Situation":"flat","Value":0.00000000},{"TimeFrom":"2019-03-26T20:43:42","TimeTo":"2019-03-26T20:48:45","Situation":"flat","Value":0.00000000},{"TimeFrom":"2019-03-26T20:48:25","TimeTo":"2019-03-26T20:53:27","Situation":"flat","Value":0.00000000},{"TimeFrom":"2019-03-26T20:48:45","TimeTo":"2019-03-26T20:53:47","Situation":"flat","Value":0.00000000},{"TimeFrom":"2019-03-26T20:53:27","TimeTo":"2019-03-26T20:58:30","Situation":"flat","Value":0.00000000},{"TimeFrom":"2019-03-26T20:53:47","TimeTo":"2019-03-26T20:58:51","Situation":"flat","Value":0.00000000}]}
