{"OrderBookAsks":[{"Time":"2019-03-26T04:05:41","Situation":"flat","Type":"ask","Price":60.00000000,"Amount":1751.13326000,"Done":false},{"Time":"2019-03-26T04:06:20","Situation":"flat","Type":"ask","Price":60.00000000,"Amount":1751.13326000,"Done":false},{"Time":"2019-03-26T04:15:49","Situation":"flat","Type":"ask","Price":60.00000000,"Amount":1751.84573000,"Done":false},{"Time":"2019-03-26T04:16:20","Situation":"flat","Type":"ask","Price":60.00000000,"Amount":1751.84573000,"Done":false}],"OrderBookBids":[],"TradeHistory":[{"Time":"2019-03-26T00:19:24","Situation":"flat","Id":"14886343","Type":"market","Side":"sell","OrderTime":"2019-03-26T00:14:50","Price":59.13000000,"Amount":501.08018000},{"Time":"2019-03-26T00:19:24","Situation":"flat","Id":"14886344","Type":"market","Side":"sell","OrderTime":"2019-03-26T00:14:50","Price":59.12000000,"Amount":110.87298000},{"Time":"2019-03-26T01:04:46","Situation":"flat","Id":"14886905","Type":"market","Side":"buy","OrderTime":"2019-03-26T01:01:46","Price":59.00000000,"Amount":101.85975000},{"Time":"2019-03-26T02:30:16","Situation":"flat","Id":"14887713","Type":"market","Side":"sell","OrderTime":"2019-03-26T02:28:00","Price":59.11000000,"Amount":106.36421000},{"Time":"2019-03-26T03:05:25","Situation":"flat","Id":"14887923","Type":"market","Side":"sell","OrderTime":"2019-03-26T03:04:38","Price":59.10000000,"Amount":210.90914000},{"Time":"2019-03-26T03:05:25","Situation":"flat","Id":"14887928","Type":"market","Side":"buy","OrderTime":"2019-03-26T03:04:39","Price":59.10000000,"Amount":190.00000000},{"Time":"2019-03-26T03:10:26","Situation":"flat","Id":"14887988","Type":"market","Side":"buy","OrderTime":"2019-03-26T03:10:24","Price":59.13000000,"Amount":105.10536000},{"Time":"2019-03-26T04:05:41","Situation":"flat","Id":"14888715","Type":"market","Side":"buy","OrderTime":"2019-03-26T04:03:38","Price":58.79000000,"Amount":169.38682000},{"Time":"2019-03-26T04:31:21","Situation":"flat","Id":"14889003","Type":"market","Side":"sell","OrderTime":"2019-03-26T04:30:57","Price":58.91000000,"Amount":121.25000000},{"Time":"2019-03-26T04:50:50","Situation":"flat","Id":"14889106","Type":"market","Side":"sell","OrderTime":"2019-03-26T04:46:46","Price":58.86000000,"Amount":139.09468000},{"Time":"2019-03-26T05:06:00","Situation":"flat","Id":"14889226","Type":"market","Side":"buy","OrderTime":"2019-03-26T05:02:09","Price":58.85000000,"Amount":123.63100000},{"Time":"2019-03-26T05:36:14","Situation":"flat","Id":"14889393","Type":"market","Side":"sell","OrderTime":"2019-03-26T05:33:22","Price":58.83000000,"Amount":219.32600000},{"Time":"2019-03-26T06:01:21","Situation":"flat","Id":"14889631","Type":"market","Side":"buy","OrderTime":"2019-03-26T05:57:08","Price":58.63000000,"Amount":160.52600000},{"Time":"2019-03-26T06:01:21","Situation":"flat","Id":"14889690","Type":"market","Side":"sell","OrderTime":"2019-03-26T06:00:13","Price":58.56000000,"Amount":103.36100000},{"Time":"2019-03-26T06:16:31","Situation":"flat","Id":"14889791","Type":"market","Side":"sell","OrderTime":"2019-03-26T06:12:03","Price":58.56000000,"Amount":136.22730000},{"Time":"2019-03-26T06:56:50","Situation":"flat","Id":"14890431","Type":"market","Side":"sell","OrderTime":"2019-03-26T06:55:35","Price":58.37000000,"Amount":110.63429000},{"Time":"2019-03-26T06:56:50","Situation":"flat","Id":"14890432","Type":"market","Side":"sell","OrderTime":"2019-03-26T06:55:35","Price":58.36000000,"Amount":250.96019000},{"Time":"2019-03-26T06:56:50","Situation":"flat","Id":"14890434","Type":"market","Side":"sell","OrderTime":"2019-03-26T06:55:35","Price":58.34000000,"Amount":129.95665000},{"Time":"2019-03-26T06:58:34","Situation":"trend","Id":"14890594","Type":"market","Side":"buy","OrderTime":"2019-03-26T06:58:31","Price":58.60000000,"Amount":143.44000000},{"Time":"2019-03-26T07:07:34","Situation":"flat","Id":"14890695","Type":"market","Side":"sell","OrderTime":"2019-03-26T07:05:55","Price":58.57000000,"Amount":105.78400000},{"Time":"2019-03-26T07:32:41","Situation":"flat","Id":"14891077","Type":"market","Side":"buy","OrderTime":"2019-03-26T07:32:25","Price":58.35000000,"Amount":136.09870000},{"Time":"2019-03-26T07:38:45","Situation":"flat","Id":"14891241","Type":"market","Side":"buy","OrderTime":"2019-03-26T07:37:56","Price":58.03000000,"Amount":274.35616000},{"Time":"2019-03-26T07:44:26","Situation":"flat","Id":"14891382","Type":"market","Side":"buy","OrderTime":"2019-03-26T07:39:28","Price":58.09000000,"Amount":279.32008000},{"Time":"2019-03-26T07:44:26","Situation":"flat","Id":"14891398","Type":"market","Side":"buy","OrderTime":"2019-03-26T07:40:04","Price":58.15000000,"Amount":111.06746000},{"Time":"2019-03-26T07:44:26","Situation":"flat","Id":"14891404","Type":"market","Side":"buy","OrderTime":"2019-03-26T07:40:05","Price":58.15000000,"Amount":203.72890000},{"Time":"2019-03-26T07:44:26","Situation":"flat","Id":"14891406","Type":"market","Side":"buy","OrderTime":"2019-03-26T07:40:05","Price":58.15000000,"Amount":159.24133000},{"Time":"2019-03-26T08:24:39","Situation":"flat","Id":"14892177","Type":"market","Side":"sell","OrderTime":"2019-03-26T08:24:33","Price":58.63000000,"Amount":117.79900000},{"Time":"2019-03-26T08:33:46","Situation":"flat","Id":"14892261","Type":"market","Side":"sell","OrderTime":"2019-03-26T08:32:46","Price":58.59000000,"Amount":122.03600000},{"Time":"2019-03-26T08:33:46","Situation":"flat","Id":"14892266","Type":"market","Side":"sell","OrderTime":"2019-03-26T08:32:47","Price":58.57000000,"Amount":329.58104000},{"Time":"2019-03-26T08:33:46","Situation":"flat","Id":"14892267","Type":"market","Side":"sell","OrderTime":"2019-03-26T08:32:47","Price":58.56000000,"Amount":101.15962000},{"Time":"2019-03-26T08:39:46","Situation":"flat","Id":"14892357","Type":"market","Side":"sell","OrderTime":"2019-03-26T08:39:45","Price":58.64000000,"Amount":109.54800000},{"Time":"2019-03-26T08:39:46","Situation":"flat","Id":"14892361","Type":"market","Side":"sell","OrderTime":"2019-03-26T08:39:45","Price":58.64000000,"Amount":106.83501000},{"Time":"2019-03-26T09:29:09","Situation":"flat","Id":"14892988","Type":"market","Side":"buy","OrderTime":"2019-03-26T09:25:20","Price":58.45000000,"Amount":111.45720000},{"Time":"2019-03-26T09:29:09","Situation":"flat","Id":"14892991","Type":"market","Side":"buy","OrderTime":"2019-03-26T09:25:21","Price":58.47000000,"Amount":124.50772000},{"Time":"2019-03-26T09:29:09","Situation":"flat","Id":"14892992","Type":"market","Side":"buy","OrderTime":"2019-03-26T09:25:21","Price":58.48000000,"Amount":140.33943000},{"Time":"2019-03-26T09:29:09","Situation":"flat","Id":"14892995","Type":"market","Side":"buy","OrderTime":"2019-03-26T09:25:21","Price":58.49000000,"Amount":144.70819000},{"Time":"2019-03-26T09:34:11","Situation":"flat","Id":"14893044","Type":"market","Side":"buy","OrderTime":"2019-03-26T09:31:09","Price":58.51000000,"Amount":290.00000000},{"Time":"2019-03-26T09:49:19","Situation":"flat","Id":"14893255","Type":"market","Side":"sell","OrderTime":"2019-03-26T09:49:11","Price":58.40000000,"Amount":125.18570000},{"Time":"2019-03-26T10:09:22","Situation":"flat","Id":"14893526","Type":"market","Side":"sell","OrderTime":"2019-03-26T10:08:04","Price":58.43000000,"Amount":102.58165000},{"Time":"2019-03-26T10:09:22","Situation":"flat","Id":"14893528","Type":"market","Side":"sell","OrderTime":"2019-03-26T10:08:04","Price":58.41000000,"Amount":199.10908000},{"Time":"2019-03-26T10:09:22","Situation":"flat","Id":"14893530","Type":"market","Side":"sell","OrderTime":"2019-03-26T10:08:07","Price":58.40000000,"Amount":230.30600000},{"Time":"2019-03-26T10:19:26","Situation":"flat","Id":"14893602","Type":"market","Side":"buy","OrderTime":"2019-03-26T10:15:59","Price":58.50000000,"Amount":117.13000000},{"Time":"2019-03-26T10:24:26","Situation":"flat","Id":"14893671","Type":"market","Side":"buy","OrderTime":"2019-03-26T10:21:09","Price":58.60000000,"Amount":161.47260000},{"Time":"2019-03-26T10:25:22","Situation":"flat","Id":"14893747","Type":"market","Side":"sell","OrderTime":"2019-03-26T10:24:49","Price":58.59000000,"Amount":167.01500000},{"Time":"2019-03-26T11:19:46","Situation":"flat","Id":"14894579","Type":"market","Side":"sell","OrderTime":"2019-03-26T11:16:53","Price":58.40000000,"Amount":241.65141000},{"Time":"2019-03-26T11:39:51","Situation":"flat","Id":"14894776","Type":"market","Side":"sell","OrderTime":"2019-03-26T11:36:15","Price":58.43000000,"Amount":262.59230000},{"Time":"2019-03-26T11:44:51","Situation":"flat","Id":"14894870","Type":"market","Side":"buy","OrderTime":"2019-03-26T11:43:52","Price":58.37000000,"Amount":145.95553000},{"Time":"2019-03-26T12:11:07","Situation":"flat","Id":"14895565","Type":"market","Side":"buy","OrderTime":"2019-03-26T12:10:22","Price":58.20000000,"Amount":158.98375000},{"Time":"2019-03-26T12:11:07","Situation":"flat","Id":"14895566","Type":"market","Side":"buy","OrderTime":"2019-03-26T12:10:22","Price":58.20000000,"Amount":111.51623000},{"Time":"2019-03-26T12:15:09","Situation":"flat","Id":"14895706","Type":"market","Side":"buy","OrderTime":"2019-03-26T12:14:08","Price":58.05000000,"Amount":356.33724000},{"Time":"2019-03-26T12:21:14","Situation":"flat","Id":"14895944","Type":"market","Side":"buy","OrderTime":"2019-03-26T12:21:07","Price":58.11000000,"Amount":178.46126000},{"Time":"2019-03-26T12:25:11","Situation":"flat","Id":"14896004","Type":"market","Side":"buy","OrderTime":"2019-03-26T12:22:05","Price":58.20000000,"Amount":136.17400000},{"Time":"2019-03-26T12:39:29","Situation":"trend","Id":"14896364","Type":"market","Side":"sell","OrderTime":"2019-03-26T12:36:49","Price":58.00000000,"Amount":107.74374000},{"Time":"2019-03-26T12:39:29","Situation":"trend","Id":"14896372","Type":"market","Side":"sell","OrderTime":"2019-03-26T12:36:50","Price":58.00000000,"Amount":116.42410000},{"Time":"2019-03-26T12:39:29","Situation":"trend","Id":"14896456","Type":"market","Side":"sell","OrderTime":"2019-03-26T12:37:10","Price":57.86000000,"Amount":114.66717000},{"Time":"2019-03-26T12:39:29","Situation":"trend","Id":"14896457","Type":"market","Side":"sell","OrderTime":"2019-03-26T12:37:10","Price":57.85000000,"Amount":107.39317000},{"Time":"2019-03-26T12:39:29","Situation":"trend","Id":"14896460","Type":"market","Side":"sell","OrderTime":"2019-03-26T12:37:10","Price":57.82000000,"Amount":609.26746000},{"Time":"2019-03-26T12:39:29","Situation":"trend","Id":"14896461","Type":"market","Side":"sell","OrderTime":"2019-03-26T12:37:10","Price":57.81000000,"Amount":447.65547000},{"Time":"2019-03-26T12:39:29","Situation":"trend","Id":"14896467","Type":"market","Side":"sell","OrderTime":"2019-03-26T12:37:10","Price":57.75000000,"Amount":226.15228000},{"Time":"2019-03-26T12:39:29","Situation":"trend","Id":"14896483","Type":"market","Side":"sell","OrderTime":"2019-03-26T12:37:10","Price":57.60000000,"Amount":269.64475000},{"Time":"2019-03-26T12:39:29","Situation":"trend","Id":"14896492","Type":"market","Side":"sell","OrderTime":"2019-03-26T12:37:10","Price":57.50000000,"Amount":141.24321000},{"Time":"2019-03-26T12:39:29","Situation":"trend","Id":"14896501","Type":"market","Side":"sell","OrderTime":"2019-03-26T12:37:10","Price":57.38000000,"Amount":111.88441000},{"Time":"2019-03-26T12:39:29","Situation":"trend","Id":"14896508","Type":"market","Side":"sell","OrderTime":"2019-03-26T12:37:10","Price":57.27000000,"Amount":268.55599000},{"Time":"2019-03-26T12:39:29","Situation":"trend","Id":"14896796","Type":"market","Side":"buy","OrderTime":"2019-03-26T12:37:46","Price":57.97000000,"Amount":147.47400000},{"Time":"2019-03-26T12:39:29","Situation":"trend","Id":"14896809","Type":"market","Side":"sell","OrderTime":"2019-03-26T12:38:10","Price":57.96000000,"Amount":107.25000000},{"Time":"2019-03-26T12:44:31","Situation":"flat","Id":"14897243","Type":"market","Side":"buy","OrderTime":"2019-03-26T12:42:34","Price":57.84000000,"Amount":117.88510000},{"Time":"2019-03-26T12:44:31","Situation":"flat","Id":"14897260","Type":"market","Side":"buy","OrderTime":"2019-03-26T12:42:38","Price":57.90000000,"Amount":241.72120000},{"Time":"2019-03-26T12:44:31","Situation":"flat","Id":"14897305","Type":"market","Side":"buy","OrderTime":"2019-03-26T12:42:56","Price":57.95000000,"Amount":103.66404000},{"Time":"2019-03-26T12:49:32","Situation":"flat","Id":"14897505","Type":"market","Side":"buy","OrderTime":"2019-03-26T12:46:11","Price":57.90000000,"Amount":190.00000000},{"Time":"2019-03-26T12:49:32","Situation":"flat","Id":"14897508","Type":"market","Side":"buy","OrderTime":"2019-03-26T12:46:11","Price":57.90000000,"Amount":165.22419000},{"Time":"2019-03-26T12:49:32","Situation":"flat","Id":"14897580","Type":"market","Side":"buy","OrderTime":"2019-03-26T12:48:00","Price":57.91000000,"Amount":113.24300000},{"Time":"2019-03-26T12:49:32","Situation":"flat","Id":"14897712","Type":"market","Side":"buy","OrderTime":"2019-03-26T12:49:26","Price":57.76000000,"Amount":105.72840000},{"Time":"2019-03-26T12:57:44","Situation":"trend","Id":"14898239","Type":"market","Side":"sell","OrderTime":"2019-03-26T12:56:01","Price":57.38000000,"Amount":100.70849000},{"Time":"2019-03-26T13:01:16","Situation":"trend","Id":"14898724","Type":"market","Side":"sell","OrderTime":"2019-03-26T12:58:14","Price":57.76000000,"Amount":193.75485000},{"Time":"2019-03-26T13:01:16","Situation":"trend","Id":"14898788","Type":"market","Side":"sell","OrderTime":"2019-03-26T12:58:35","Price":57.84000000,"Amount":291.93599000},{"Time":"2019-03-26T13:01:16","Situation":"trend","Id":"14898940","Type":"market","Side":"sell","OrderTime":"2019-03-26T12:59:26","Price":57.65000000,"Amount":118.66000000},{"Time":"2019-03-26T13:01:16","Situation":"trend","Id":"14899041","Type":"market","Side":"sell","OrderTime":"2019-03-26T13:00:48","Price":57.86000000,"Amount":103.61800000},{"Time":"2019-03-26T13:06:20","Situation":"flat","Id":"14899135","Type":"market","Side":"sell","OrderTime":"2019-03-26T13:01:43","Price":57.91000000,"Amount":213.89244000},{"Time":"2019-03-26T13:06:20","Situation":"flat","Id":"14899252","Type":"market","Side":"sell","OrderTime":"2019-03-26T13:05:05","Price":57.91000000,"Amount":199.90617000},{"Time":"2019-03-26T13:11:20","Situation":"flat","Id":"14899477","Type":"market","Side":"sell","OrderTime":"2019-03-26T13:08:03","Price":58.12000000,"Amount":110.91207000},{"Time":"2019-03-26T13:16:21","Situation":"flat","Id":"14899673","Type":"market","Side":"buy","OrderTime":"2019-03-26T13:15:52","Price":58.08000000,"Amount":242.76400000},{"Time":"2019-03-26T13:16:21","Situation":"flat","Id":"14899714","Type":"market","Side":"sell","OrderTime":"2019-03-26T13:16:13","Price":58.01000000,"Amount":101.80300000},{"Time":"2019-03-26T13:21:21","Situation":"flat","Id":"14899777","Type":"market","Side":"buy","OrderTime":"2019-03-26T13:18:04","Price":57.90000000,"Amount":143.37240000},{"Time":"2019-03-26T13:26:21","Situation":"flat","Id":"14899933","Type":"market","Side":"sell","OrderTime":"2019-03-26T13:24:16","Price":57.85000000,"Amount":177.01003000},{"Time":"2019-03-26T13:41:25","Situation":"flat","Id":"14900585","Type":"market","Side":"buy","OrderTime":"2019-03-26T13:41:14","Price":57.80000000,"Amount":152.04992000},{"Time":"2019-03-26T13:51:29","Situation":"flat","Id":"14900851","Type":"market","Side":"sell","OrderTime":"2019-03-26T13:49:15","Price":57.86000000,"Amount":139.72582000},{"Time":"2019-03-26T13:51:29","Situation":"flat","Id":"14900852","Type":"market","Side":"sell","OrderTime":"2019-03-26T13:49:15","Price":57.86000000,"Amount":156.26930000},{"Time":"2019-03-26T13:51:29","Situation":"flat","Id":"14900853","Type":"market","Side":"sell","OrderTime":"2019-03-26T13:49:15","Price":57.86000000,"Amount":178.73686000},{"Time":"2019-03-26T13:56:32","Situation":"flat","Id":"14900993","Type":"market","Side":"sell","OrderTime":"2019-03-26T13:55:19","Price":57.75000000,"Amount":110.87512000},{"Time":"2019-03-26T14:08:39","Situation":"flat","Id":"14901403","Type":"market","Side":"buy","OrderTime":"2019-03-26T14:08:06","Price":58.25000000,"Amount":204.27937000},{"Time":"2019-03-26T14:16:30","Situation":"flat","Id":"14901678","Type":"market","Side":"buy","OrderTime":"2019-03-26T14:11:29","Price":58.46000000,"Amount":136.35576000},{"Time":"2019-03-26T14:31:34","Situation":"flat","Id":"14902290","Type":"market","Side":"sell","OrderTime":"2019-03-26T14:29:43","Price":58.22000000,"Amount":121.25900000},{"Time":"2019-03-26T14:31:34","Situation":"flat","Id":"14902398","Type":"market","Side":"sell","OrderTime":"2019-03-26T14:31:20","Price":58.12000000,"Amount":119.12456000},{"Time":"2019-03-26T15:01:44","Situation":"flat","Id":"14902980","Type":"market","Side":"sell","OrderTime":"2019-03-26T15:00:27","Price":58.34000000,"Amount":184.38910000},{"Time":"2019-03-26T15:06:45","Situation":"flat","Id":"14903035","Type":"market","Side":"buy","OrderTime":"2019-03-26T15:04:44","Price":58.40000000,"Amount":112.44800000},{"Time":"2019-03-26T15:11:46","Situation":"flat","Id":"14903207","Type":"market","Side":"sell","OrderTime":"2019-03-26T15:11:41","Price":58.50000000,"Amount":135.29700000},{"Time":"2019-03-26T15:21:46","Situation":"flat","Id":"14903345","Type":"market","Side":"sell","OrderTime":"2019-03-26T15:17:43","Price":58.45000000,"Amount":311.80270000},{"Time":"2019-03-26T15:21:46","Situation":"flat","Id":"14903399","Type":"market","Side":"buy","OrderTime":"2019-03-26T15:21:15","Price":58.38000000,"Amount":102.85420000},{"Time":"2019-03-26T15:46:55","Situation":"flat","Id":"14903641","Type":"market","Side":"buy","OrderTime":"2019-03-26T15:44:59","Price":58.44000000,"Amount":117.26400000},{"Time":"2019-03-26T15:51:59","Situation":"flat","Id":"14903721","Type":"market","Side":"sell","OrderTime":"2019-03-26T15:50:04","Price":58.46000000,"Amount":181.18153000},{"Time":"2019-03-26T15:51:59","Situation":"flat","Id":"14903751","Type":"market","Side":"sell","OrderTime":"2019-03-26T15:51:54","Price":58.50000000,"Amount":270.59420000},{"Time":"2019-03-26T15:51:59","Situation":"flat","Id":"14903753","Type":"market","Side":"sell","OrderTime":"2019-03-26T15:51:54","Price":58.50000000,"Amount":120.34700000},{"Time":"2019-03-26T15:57:00","Situation":"flat","Id":"14903791","Type":"market","Side":"buy","OrderTime":"2019-03-26T15:52:48","Price":58.54000000,"Amount":104.92755000},{"Time":"2019-03-26T16:27:11","Situation":"flat","Id":"14904524","Type":"market","Side":"sell","OrderTime":"2019-03-26T16:26:36","Price":58.20000000,"Amount":295.11090000},{"Time":"2019-03-26T16:27:11","Situation":"flat","Id":"14904534","Type":"market","Side":"sell","OrderTime":"2019-03-26T16:26:40","Price":58.20000000,"Amount":627.53218000},{"Time":"2019-03-26T16:32:11","Situation":"flat","Id":"14904633","Type":"market","Side":"buy","OrderTime":"2019-03-26T16:31:11","Price":58.22000000,"Amount":164.22100000},{"Time":"2019-03-26T16:47:19","Situation":"flat","Id":"14904921","Type":"market","Side":"buy","OrderTime":"2019-03-26T16:46:15","Price":58.14000000,"Amount":100.00000000},{"Time":"2019-03-26T17:00:09","Situation":"trend","Id":"14905143","Type":"market","Side":"buy","OrderTime":"2019-03-26T17:00:03","Price":58.19000000,"Amount":284.68276000},{"Time":"2019-03-26T17:00:09","Situation":"trend","Id":"14905144","Type":"market","Side":"buy","OrderTime":"2019-03-26T17:00:03","Price":58.20000000,"Amount":268.65754000},{"Time":"2019-03-26T17:22:40","Situation":"flat","Id":"14905626","Type":"market","Side":"sell","OrderTime":"2019-03-26T17:21:55","Price":58.21000000,"Amount":149.96375000},{"Time":"2019-03-26T17:42:50","Situation":"flat","Id":"14905892","Type":"market","Side":"buy","OrderTime":"2019-03-26T17:41:07","Price":58.10000000,"Amount":147.22828000},{"Time":"2019-03-26T17:42:50","Situation":"flat","Id":"14905909","Type":"market","Side":"sell","OrderTime":"2019-03-26T17:42:18","Price":58.07000000,"Amount":183.14297000},{"Time":"2019-03-26T17:50:24","Situation":"flat","Id":"14906026","Type":"market","Side":"sell","OrderTime":"2019-03-26T17:50:14","Price":58.00000000,"Amount":154.68236000},{"Time":"2019-03-26T18:20:30","Situation":"flat","Id":"14906332","Type":"market","Side":"buy","OrderTime":"2019-03-26T18:18:27","Price":58.09000000,"Amount":123.23811000},{"Time":"2019-03-26T18:28:14","Situation":"flat","Id":"14906414","Type":"market","Side":"buy","OrderTime":"2019-03-26T18:26:42","Price":58.18000000,"Amount":144.52582000},{"Time":"2019-03-26T18:28:14","Situation":"flat","Id":"14906415","Type":"market","Side":"buy","OrderTime":"2019-03-26T18:26:42","Price":58.19000000,"Amount":103.22580000},{"Time":"2019-03-26T18:38:17","Situation":"flat","Id":"14906539","Type":"market","Side":"sell","OrderTime":"2019-03-26T18:38:05","Price":58.09000000,"Amount":105.23800000},{"Time":"2019-03-26T19:03:27","Situation":"flat","Id":"14906770","Type":"market","Side":"sell","OrderTime":"2019-03-26T19:01:59","Price":58.22000000,"Amount":184.91837000},{"Time":"2019-03-26T19:05:46","Situation":"flat","Id":"14906823","Type":"market","Side":"sell","OrderTime":"2019-03-26T19:04:20","Price":58.16000000,"Amount":153.57827000},{"Time":"2019-03-26T19:10:50","Situation":"flat","Id":"14906936","Type":"market","Side":"sell","OrderTime":"2019-03-26T19:08:36","Price":58.14000000,"Amount":100.83408000},{"Time":"2019-03-26T19:13:34","Situation":"flat","Id":"14907039","Type":"market","Side":"buy","OrderTime":"2019-03-26T19:13:32","Price":58.28000000,"Amount":113.36632000},{"Time":"2019-03-26T20:46:21","Situation":"flat","Id":"14907948","Type":"market","Side":"sell","OrderTime":"2019-03-26T20:44:32","Price":58.25000000,"Amount":150.60200000},{"Time":"2019-03-26T20:51:21","Situation":"flat","Id":"14907988","Type":"market","Side":"sell","OrderTime":"2019-03-26T20:50:07","Price":58.21000000,"Amount":130.00000000}],"TradeDelta":[{"TimeFrom":"2019-03-26T00:04:18","TimeTo":"2019-03-26T00:09:21","Situation":"flat","Value":0.00000000},{"TimeFrom":"2019-03-26T00:04:39","TimeTo":"2019-03-26T00:09:41","Situation":"flat","Value":0.00000000},{"TimeFrom":"2019-03-26T00:09:21","TimeTo":"2019-03-26T00:14:21","Situation":"flat","Value":0.00000000},{"TimeFrom":"2019-03-26T00:09:41","TimeTo":"2019-03-26T00:14:41","Situation":"flat","Value":0.00000000},{"TimeFrom":"2019-03-26T00:14:21","TimeTo":"2019-03-26T00:19:24","Situation":"flat","Value":-611.95316000},{"TimeFrom":"2019-03-26T00:14:41","TimeTo":"2019-03-26T00:19:44","Situation":"flat","Value":-611.95316000},{"TimeFrom":"2019-03-26T00:19:24","TimeTo":"2019-03-26T00:24:28","Situation":"flat","Value":0.00000000},{"TimeFrom":"2019-03-26T00:19:44","TimeTo":"2019-03-26T00:24:48","Situation":"flat","Value":0.00000000},{"TimeFrom":"2019-03-26T00:24:28","TimeTo":"2019-03-26T00:29:30","Situation":"flat","Value":0.00000000},{"TimeFrom":"2019-03-26T00:24:48","TimeTo":"2019-03-26T00:29:50","Situation":"flat","Value":0.00000000},{"TimeFrom":"2019-03-26T00:29:30","TimeTo":"2019-03-26T00:34:31","Situation":"flat","Value":0.00000000},{"TimeFrom":"2019-03-26T00:29:50","TimeTo":"2019-03-26T00:34:51","Situation":"flat","Value":0.00000000},{"TimeFrom":"2019-03-26T00:34:31","TimeTo":"2019-03-26T00:39:35","Situation":"flat","Value":0.00000000},{"TimeFrom":"2019-03-26T00:34:51","TimeTo":"2019-03-26T00:39:55","Situation":"flat","Value":0.00000000},{"TimeFrom":"2019-03-26T00:39:35","TimeTo":"2019-03-26T00:44:39","Situation":"flat","Value":0.00000000},{"TimeFrom":"2019-03-26T00:39:55","TimeTo":"2019-03-26T00:44:59","Situation":"flat","Value":0.00000000},{"TimeFrom":"2019-03-26T00:44:39","TimeTo":"2019-03-26T00:49:40","Situation":"flat","Value":0.00000000},{"TimeFrom":"2019-03-26T00:44:59","TimeTo":"2019-03-26T00:49:59","Situation":"flat","Value":0.00000000},{"TimeFrom":"2019-03-26T00:49:40","TimeTo":"2019-03-26T00:54:41","Situation":"flat","Value":0.00000000},{"TimeFrom":"2019-03-26T00:49:59","TimeTo":"2019-03-26T00:55:01","Situation":"flat","Value":0.00000000},{"TimeFrom":"2019-03-26T00:54:41","TimeTo":"2019-03-26T00:59:44","Situation":"flat","Value":0.00000000},{"TimeFrom":"2019-03-26T00:55:01","TimeTo":"2019-03-26T01:00:06","Situation":"flat","Value":0.00000000},{"TimeFrom":"2019-03-26T00:59:44","TimeTo":"2019-03-26T01:04:46","Situation":"flat","Value":101.85975000},{"TimeFrom":"2019-03-26T01:00:06","TimeTo":"2019-03-26T01:05:09","Situation":"flat","Value":101.85975000},{"TimeFrom":"2019-03-26T01:04:46","TimeTo":"2019-03-26T01:09:49","Situation":"flat","Value":0.00000000},{"TimeFrom":"2019-03-26T01:05:09","TimeTo":"2019-03-26T01:10:10","Situation":"flat","Value":0.00000000},{"TimeFrom":"2019-03-26T01:09:49","TimeTo":"2019-03-26T01:14:50","Situation":"flat","Value":0.00000000},{"TimeFrom":"2019-03-26T01:10:10","TimeTo":"2019-03-26T01:15:10","Situation":"flat","Value":0.00000000},{"TimeFrom":"2019-03-26T01:14:50","TimeTo":"2019-03-26T01:19:51","Situation":"flat","Value":0.00000000},{"TimeFrom":"2019-03-26T01:15:10","TimeTo":"2019-03-26T01:20:12","Situation":"flat","Value":0.00000000},{"TimeFrom":"2019-03-26T01:19:51","TimeTo":"2019-03-26T01:24:51","Situation":"flat","Value":0.00000000},{"TimeFrom":"2019-03-26T01:20:12","TimeTo":"2019-03-26T01:25:14","Situation":"flat","Value":0.00000000},{"TimeFrom":"2019-03-26T01:24:51","TimeTo":"2019-03-26T01:29:54","Situation":"flat","Value":0.00000000},{"TimeFrom":"2019-03-26T01:25:14","TimeTo":"2019-03-26T01:30:15","Situation":"flat","Value":0.00000000},{"TimeFrom":"2019-03-26T01:29:54","TimeTo":"2019-03-26T01:34:54","Situation":"flat","Value":0.00000000},{"TimeFrom":"2019-03-26T01:30:15","TimeTo":"2019-03-26T01:35:15","Situation":"flat","Value":0.00000000},{"TimeFrom":"2019-03-26T01:34:54","TimeTo":"2019-03-26T01:39:56","Situation":"flat","Value":0.00000000},{"TimeFrom":"2019-03-26T01:35:15","TimeTo":"2019-03-26T01:40:19","Situation":"flat","Value":0.00000000},{"TimeFrom":"2019-03-26T01:39:56","TimeTo":"2019-03-26T01:44:56","Situation":"flat","Value":0.00000000},{"TimeFrom":"2019-03-26T01:40:19","TimeTo":"2019-03-26T01:45:19","Situation":"flat","Value":0.00000000},{"TimeFrom":"2019-03-26T01:44:56","TimeTo":"2019-03-26T01:50:00","Situation":"flat","Value":0.00000000},{"TimeFrom":"2019-03-26T01:45:19","TimeTo":"2019-03-26T01:50:22","Situation":"flat","Value":0.00000000},{"TimeFrom":"2019-03-26T01:50:00","TimeTo":"2019-03-26T01:55:04","Situation":"flat","Value":0.00000000},{"TimeFrom":"2019-03-26T01:50:22","TimeTo":"2019-03-26T01:55:24","Situation":"flat","Value":0.00000000},{"TimeFrom":"2019-03-26T01:55:04","TimeTo":"2019-03-26T02:00:07","Situation":"flat","Value":0.00000000},{"TimeFrom":"2019-03-26T01:55:24","TimeTo":"2019-03-26T02:00:27","Situation":"flat","Value":0.00000000},{"TimeFrom":"2019-03-26T02:00:07","TimeTo":"2019-03-26T02:05:10","Situation":"flat","Value":0.00000000},{"TimeFrom":"2019-03-26T02:00:27","TimeTo":"2019-03-26T02:05:30","Situation":"flat","Value":0.00000000},{"TimeFrom":"2019-03-26T02:05:10","TimeTo":"2019-03-26T02:10:10","Situation":"flat","Value":0.00000000},{"TimeFrom":"2019-03-26T02:05:30","TimeTo":"2019-03-26T02:10:34","Situation":"flat","Value":0.00000000},{"TimeFrom":"2019-03-26T02:10:10","TimeTo":"2019-03-26T02:15:11","Situation":"flat","Value":0.00000000},{"TimeFrom":"2019-03-26T02:10:34","TimeTo":"2019-03-26T02:15:36","Situation":"flat","Value":0.00000000},{"TimeFrom":"2019-03-26T02:15:11","TimeTo":"2019-03-26T02:20:14","Situation":"flat","Value":0.00000000},{"TimeFrom":"2019-03-26T02:15:36","TimeTo":"2019-03-26T02:20:38","Situation":"flat","Value":0.00000000},{"TimeFrom":"2019-03-26T02:20:14","TimeTo":"2019-03-26T02:25:15","Situation":"flat","Value":0.00000000},{"TimeFrom":"2019-03-26T02:20:38","TimeTo":"2019-03-26T02:25:40","Situation":"flat","Value":0.00000000},{"TimeFrom":"2019-03-26T02:25:15","TimeTo":"2019-03-26T02:30:16","Situation":"flat","Value":-106.36421000},{"TimeFrom":"2019-03-26T02:25:40","TimeTo":"2019-03-26T02:30:41","Situation":"flat","Value":-106.36421000},{"TimeFrom":"2019-03-26T02:30:16","TimeTo":"2019-03-26T02:35:17","Situation":"flat","Value":0.00000000},{"TimeFrom":"2019-03-26T02:30:41","TimeTo":"2019-03-26T02:35:41","Situation":"flat","Value":0.00000000},{"TimeFrom":"2019-03-26T02:35:17","TimeTo":"2019-03-26T02:40:17","Situation":"flat","Value":0.00000000},{"TimeFrom":"2019-03-26T02:35:41","TimeTo":"2019-03-26T02:40:41","Situation":"flat","Value":0.00000000},{"TimeFrom":"2019-03-26T02:40:17","TimeTo":"2019-03-26T02:45:21","Situation":"flat","Value":0.00000000},{"TimeFrom":"2019-03-26T02:40:41","TimeTo":"2019-03-26T02:45:41","Situation":"flat","Value":0.00000000},{"TimeFrom":"2019-03-26T02:45:21","TimeTo":"2019-03-26T02:50:21","Situation":"flat","Value":0.00000000},{"TimeFrom":"2019-03-26T02:45:41","TimeTo":"2019-03-26T02:50:42","Situation":"flat","Value":0.00000000},{"TimeFrom":"2019-03-26T02:50:21","TimeTo":"2019-03-26T02:55:21","Situation":"flat","Value":0.00000000},{"TimeFrom":"2019-03-26T02:50:42","TimeTo":"2019-03-26T02:55:46","Situation":"flat","Value":0.00000000},{"TimeFrom":"2019-03-26T02:55:21","TimeTo":"2019-03-26T03:00:21","Situation":"flat","Value":0.00000000},{"TimeFrom":"2019-03-26T02:55:46","TimeTo":"2019-03-26T03:00:46","Situation":"flat","Value":0.00000000},{"TimeFrom":"2019-03-26T03:00:21","TimeTo":"2019-03-26T03:05:25","Situation":"flat","Value":-20.90914000},{"TimeFrom":"2019-03-26T03:00:46","TimeTo":"2019-03-26T03:05:50","Situation":"flat","Value":-20.90914000},{"TimeFrom":"2019-03-26T03:05:25","TimeTo":"2019-03-26T03:10:26","Situation":"flat","Value":105.10536000},{"TimeFrom":"2019-03-26T03:05:50","TimeTo":"2019-03-26T03:10:51","Situation":"flat","Value":105.10536000},{"TimeFrom":"2019-03-26T03:10:26","TimeTo":"2019-03-26T03:15:29","Situation":"flat","Value":0.00000000},{"TimeFrom":"2019-03-26T03:10:51","TimeTo":"2019-03-26T03:15:55","Situation":"flat","Value":0.00000000},{"TimeFrom":"2019-03-26T03:15:29","TimeTo":"2019-03-26T03:20:30","Situation":"flat","Value":0.00000000},{"TimeFrom":"2019-03-26T03:15:55","TimeTo":"2019-03-26T03:20:55","Situation":"flat","Value":0.00000000},{"TimeFrom":"2019-03-26T03:20:30","TimeTo":"2019-03-26T03:25:33","Situation":"flat","Value":0.00000000},{"TimeFrom":"2019-03-26T03:20:55","TimeTo":"2019-03-26T03:25:58","Situation":"flat","Value":0.00000000},{"TimeFrom":"2019-03-26T03:25:33","TimeTo":"2019-03-26T03:30:37","Situation":"flat","Value":0.00000000},{"TimeFrom":"2019-03-26T03:25:58","TimeTo":"2019-03-26T03:31:05","Situation":"flat","Value":0.00000000},{"TimeFrom":"2019-03-26T03:30:37","TimeTo":"2019-03-26T03:35:40","Situation":"flat","Value":0.00000000},{"TimeFrom":"2019-03-26T03:31:05","TimeTo":"2019-03-26T03:36:06","Situation":"flat","Value":0.00000000},{"TimeFrom":"2019-03-26T03:35:40","TimeTo":"2019-03-26T03:40:40","Situation":"flat","Value":0.00000000},{"TimeFrom":"2019-03-26T03:36:06","TimeTo":"2019-03-26T03:41:10","Situation":"flat","Value":0.00000000},{"TimeFrom":"2019-03-26T03:40:40","TimeTo":"2019-03-26T03:45:41","Situation":"flat","Value":0.00000000},{"TimeFrom":"2019-03-26T03:41:10","TimeTo":"2019-03-26T03:46:14","Situation":"flat","Value":0.00000000},{"TimeFrom":"2019-03-26T03:45:41","TimeTo":"2019-03-26T03:50:41","Situation":"flat","Value":0.00000000},{"TimeFrom":"2019-03-26T03:46:14","TimeTo":"2019-03-26T03:51:14","Situation":"flat","Value":0.00000000},{"TimeFrom":"2019-03-26T03:50:41","TimeTo":"2019-03-26T03:55:41","Situation":"flat","Value":0.00000000},{"TimeFrom":"2019-03-26T03:51:14","TimeTo":"2019-03-26T03:56:15","Situation":"flat","Value":0.00000000},{"TimeFrom":"2019-03-26T03:55:41","TimeTo":"2019-03-26T04:00:41","Situation":"flat","Value":0.00000000},{"TimeFrom":"2019-03-26T03:56:15","TimeTo":"2019-03-26T04:01:19","Situation":"flat","Value":0.00000000},{"TimeFrom":"2019-03-26T04:00:41","TimeTo":"2019-03-26T04:05:41","Situation":"flat","Value":169.38682000},{"TimeFrom":"2019-03-26T04:01:19","TimeTo":"2019-03-26T04:06:20","Situation":"flat","Value":169.38682000},{"TimeFrom":"2019-03-26T04:05:41","TimeTo":"2019-03-26T04:10:45","Situation":"flat","Value":0.00000000},{"TimeFrom":"2019-03-26T04:06:20","TimeTo":"2019-03-26T04:11:20","Situation":"flat","Value":0.00000000},{"TimeFrom":"2019-03-26T04:10:45","TimeTo":"2019-03-26T04:15:49","Situation":"flat","Value":0.00000000},{"TimeFrom":"2019-03-26T04:11:20","TimeTo":"2019-03-26T04:16:20","Situation":"flat","Value":0.00000000},{"TimeFrom":"2019-03-26T04:15:49","TimeTo":"2019-03-26T04:20:50","Situation":"flat","Value":0.00000000},{"TimeFrom":"2019-03-26T04:16:20","TimeTo":"2019-03-26T04:21:21","Situation":"flat","Value":0.00000000},{"TimeFrom":"2019-03-26T04:20:50","TimeTo":"2019-03-26T04:25:50","Situation":"flat","Value":0.00000000},{"TimeFrom":"2019-03-26T04:21:21","TimeTo":"2019-03-26T04:26:21","Situation":"flat","Value":0.00000000},{"TimeFrom":"2019-03-26T04:25:50","TimeTo":"2019-03-26T04:30:50","Situation":"flat","Value":0.00000000},{"TimeFrom":"2019-03-26T04:26:21","TimeTo":"2019-03-26T04:31:21","Situation":"flat","Value":-121.25000000},{"TimeFrom":"2019-03-26T04:30:50","TimeTo":"2019-03-26T04:35:50","Situation":"flat","Value":-121.25000000},{"TimeFrom":"2019-03-26T04:31:21","TimeTo":"2019-03-26T04:36:21","Situation":"flat","Value":0.00000000},{"TimeFrom":"2019-03-26T04:35:50","TimeTo":"2019-03-26T04:40:50","Situation":"flat","Value":0.00000000},{"TimeFrom":"2019-03-26T04:36:21","TimeTo":"2019-03-26T04:41:21","Situation":"flat","Value":0.00000000},{"TimeFrom":"2019-03-26T04:40:50","TimeTo":"2019-03-26T04:45:50","Situation":"flat","Value":0.00000000},{"TimeFrom":"2019-03-26T04:41:21","TimeTo":"2019-03-26T04:46:21","Situation":"flat","Value":0.00000000},{"TimeFrom":"2019-03-26T04:45:50","TimeTo":"2019-03-26T04:50:50","Situation":"flat","Value":-139.09468000},{"TimeFrom":"2019-03-26T04:46:21","TimeTo":"2019-03-26T04:51:22","Situation":"flat","Value":-139.09468000},{"TimeFrom":"2019-03-26T04:50:50","TimeTo":"2019-03-26T04:55:54","Situation":"flat","Value":0.00000000},{"TimeFrom":"2019-03-26T04:51:22","TimeTo":"2019-03-26T04:56:25","Situation":"flat","Value":0.00000000},{"TimeFrom":"2019-03-26T04:55:54","TimeTo":"2019-03-26T05:00:56","Situation":"flat","Value":0.00000000},{"TimeFrom":"2019-03-26T04:56:25","TimeTo":"2019-03-26T05:01:28","Situation":"flat","Value":0.00000000},{"TimeFrom":"2019-03-26T05:00:56","TimeTo":"2019-03-26T05:06:00","Situation":"flat","Value":123.63100000},{"TimeFrom":"2019-03-26T05:01:28","TimeTo":"2019-03-26T05:06:29","Situation":"flat","Value":123.63100000},{"TimeFrom":"2019-03-26T05:06:00","TimeTo":"2019-03-26T05:11:06","Situation":"flat","Value":0.00000000},{"TimeFrom":"2019-03-26T05:06:29","TimeTo":"2019-03-26T05:11:31","Situation":"flat","Value":0.00000000},{"TimeFrom":"2019-03-26T05:11:06","TimeTo":"2019-03-26T05:16:06","Situation":"flat","Value":0.00000000},{"TimeFrom":"2019-03-26T05:11:31","TimeTo":"2019-03-26T05:16:31","Situation":"flat","Value":0.00000000},{"TimeFrom":"2019-03-26T05:16:06","TimeTo":"2019-03-26T05:21:10","Situation":"flat","Value":0.00000000},{"TimeFrom":"2019-03-26T05:16:31","TimeTo":"2019-03-26T05:21:35","Situation":"flat","Value":0.00000000},{"TimeFrom":"2019-03-26T05:21:10","TimeTo":"2019-03-26T05:26:11","Situation":"flat","Value":0.00000000},{"TimeFrom":"2019-03-26T05:21:35","TimeTo":"2019-03-26T05:26:36","Situation":"flat","Value":0.00000000},{"TimeFrom":"2019-03-26T05:26:11","TimeTo":"2019-03-26T05:31:11","Situation":"flat","Value":0.00000000},{"TimeFrom":"2019-03-26T05:26:36","TimeTo":"2019-03-26T05:31:36","Situation":"flat","Value":0.00000000},{"TimeFrom":"2019-03-26T05:31:11","TimeTo":"2019-03-26T05:36:14","Situation":"flat","Value":-219.32600000},{"TimeFrom":"2019-03-26T05:31:36","TimeTo":"2019-03-26T05:36:38","Situation":"flat","Value":-219.32600000},{"TimeFrom":"2019-03-26T05:36:14","TimeTo":"2019-03-26T05:41:18","Situation":"flat","Value":0.00000000},{"TimeFrom":"2019-03-26T05:36:38","TimeTo":"2019-03-26T05:41:42","Situation":"flat","Value":0.00000000},{"TimeFrom":"2019-03-26T05:41:18","TimeTo":"2019-03-26T05:46:21","Situation":"flat","Value":0.00000000},{"TimeFrom":"2019-03-26T05:41:42","TimeTo":"2019-03-26T05:46:46","Situation":"flat","Value":0.00000000},{"TimeFrom":"2019-03-26T05:46:21","TimeTo":"2019-03-26T05:51:21","Situation":"flat","Value":0.00000000},{"TimeFrom":"2019-03-26T05:46:46","TimeTo":"2019-03-26T05:51:46","Situation":"flat","Value":0.00000000},{"TimeFrom":"2019-03-26T05:51:21","TimeTo":"2019-03-26T05:56:21","Situation":"flat","Value":0.00000000},{"TimeFrom":"2019-03-26T05:51:46","TimeTo":"2019-03-26T05:56:46","Situation":"flat","Value":0.00000000},{"TimeFrom":"2019-03-26T05:56:21","TimeTo":"2019-03-26T06:01:21","Situation":"flat","Value":57.16500000},{"TimeFrom":"2019-03-26T05:56:46","TimeTo":"2019-03-26T06:01:50","Situation":"flat","Value":57.16500000},{"TimeFrom":"2019-03-26T06:01:21","TimeTo":"2019-03-26T06:06:24","Situation":"flat","Value":0.00000000},{"TimeFrom":"2019-03-26T06:01:50","TimeTo":"2019-03-26T06:06:54","Situation":"flat","Value":0.00000000},{"TimeFrom":"2019-03-26T06:06:24","TimeTo":"2019-03-26T06:11:27","Situation":"flat","Value":0.00000000},{"TimeFrom":"2019-03-26T06:06:54","TimeTo":"2019-03-26T06:11:57","Situation":"flat","Value":0.00000000},{"TimeFrom":"2019-03-26T06:11:27","TimeTo":"2019-03-26T06:16:31","Situation":"flat","Value":-136.22730000},{"TimeFrom":"2019-03-26T06:11:57","TimeTo":"2019-03-26T06:17:03","Situation":"flat","Value":-136.22730000},{"TimeFrom":"2019-03-26T06:16:31","TimeTo":"2019-03-26T06:21:31","Situation":"flat","Value":0.00000000},{"TimeFrom":"2019-03-26T06:17:03","TimeTo":"2019-03-26T06:22:04","Situation":"flat","Value":0.00000000},{"TimeFrom":"2019-03-26T06:21:31","TimeTo":"2019-03-26T06:26:35","Situation":"flat","Value":0.00000000},{"TimeFrom":"2019-03-26T06:22:04","TimeTo":"2019-03-26T06:27:06","Situation":"flat","Value":0.00000000},{"TimeFrom":"2019-03-26T06:26:35","TimeTo":"2019-03-26T06:31:39","Situation":"flat","Value":0.00000000},{"TimeFrom":"2019-03-26T06:27:06","TimeTo":"2019-03-26T06:32:10","Situation":"flat","Value":0.00000000},{"TimeFrom":"2019-03-26T06:31:39","TimeTo":"2019-03-26T06:36:41","Situation":"flat","Value":0.00000000},{"TimeFrom":"2019-03-26T06:32:10","TimeTo":"2019-03-26T06:37:14","Situation":"flat","Value":0.00000000},{"TimeFrom":"2019-03-26T06:36:41","TimeTo":"2019-03-26T06:41:44","Situation":"flat","Value":0.00000000},{"TimeFrom":"2019-03-26T06:37:14","TimeTo":"2019-03-26T06:42:16","Situation":"flat","Value":0.00000000},{"TimeFrom":"2019-03-26T06:41:44","TimeTo":"2019-03-26T06:46:44","Situation":"flat","Value":0.00000000},{"TimeFrom":"2019-03-26T06:42:16","TimeTo":"2019-03-26T06:47:16","Situation":"flat","Value":0.00000000},{"TimeFrom":"2019-03-26T06:46:44","TimeTo":"2019-03-26T06:51:46","Situation":"flat","Value":0.00000000},{"TimeFrom":"2019-03-26T06:47:16","TimeTo":"2019-03-26T06:52:19","Situation":"flat","Value":0.00000000},{"TimeFrom":"2019-03-26T06:51:46","TimeTo":"2019-03-26T06:56:50","Situation":"flat","Value":-491.55113000},{"TimeFrom":"2019-03-26T06:52:19","TimeTo":"2019-03-26T06:57:21","Situation":"flat","Value":-491.55113000},{"TimeFrom":"2019-03-26T06:56:50","TimeTo":"2019-03-26T06:57:31","Situation":"trend","Value":0.00000000},{"TimeFrom":"2019-03-26T06:57:21","TimeTo":"2019-03-26T06:58:34","Situation":"trend","Value":143.44000000},{"TimeFrom":"2019-03-26T06:57:31","TimeTo":"2019-03-26T07:02:32","Situation":"flat","Value":143.44000000},{"TimeFrom":"2019-03-26T06:58:34","TimeTo":"2019-03-26T07:03:35","Situation":"flat","Value":0.00000000},{"TimeFrom":"2019-03-26T07:02:32","TimeTo":"2019-03-26T07:07:34","Situation":"flat","Value":-105.78400000},{"TimeFrom":"2019-03-26T07:03:35","TimeTo":"2019-03-26T07:08:36","Situation":"flat","Value":-105.78400000},{"TimeFrom":"2019-03-26T07:07:34","TimeTo":"2019-03-26T07:12:36","Situation":"flat","Value":0.00000000},{"TimeFrom":"2019-03-26T07:08:36","TimeTo":"2019-03-26T07:13:38","Situation":"flat","Value":0.00000000},{"TimeFrom":"2019-03-26T07:12:36","TimeTo":"2019-03-26T07:17:36","Situation":"flat","Value":0.00000000},{"TimeFrom":"2019-03-26T07:13:38","TimeTo":"2019-03-26T07:18:42","Situation":"flat","Value":0.00000000},{"TimeFrom":"2019-03-26T07:17:36","TimeTo":"2019-03-26T07:22:36","Situation":"flat","Value":0.00000000},{"TimeFrom":"2019-03-26T07:18:42","TimeTo":"2019-03-26T07:23:44","Situation":"flat","Value":0.00000000},{"TimeFrom":"2019-03-26T07:22:36","TimeTo":"2019-03-26T07:27:38","Situation":"flat","Value":0.00000000},{"TimeFrom":"2019-03-26T07:23:44","TimeTo":"2019-03-26T07:28:45","Situation":"flat","Value":0.00000000},{"TimeFrom":"2019-03-26T07:27:38","TimeTo":"2019-03-26T07:32:41","Situation":"flat","Value":136.09870000},{"TimeFrom":"2019-03-26T07:28:45","TimeTo":"2019-03-26T07:33:45","Situation":"flat","Value":136.09870000},{"TimeFrom":"2019-03-26T07:32:41","TimeTo":"2019-03-26T07:37:45","Situation":"flat","Value":0.00000000},{"TimeFrom":"2019-03-26T07:33:45","TimeTo":"2019-03-26T07:38:45","Situation":"flat","Value":274.35616000},{"TimeFrom":"2019-03-26T07:37:45","TimeTo":"2019-03-26T07:39:26","Situation":"trend","Value":274.35616000},{"TimeFrom":"2019-03-26T07:38:45","TimeTo":"2019-03-26T07:39:26","Situation":"trend","Value":0.00000000},{"TimeFrom":"2019-03-26T07:39:26","TimeTo":"2019-03-26T07:44:26","Situation":"flat","Value":753.35777000},{"TimeFrom":"2019-03-26T07:39:26","TimeTo":"2019-03-26T07:44:30","Situation":"flat","Value":753.35777000},{"TimeFrom":"2019-03-26T07:44:26","TimeTo":"2019-03-26T07:48:30","Situation":"trend","Value":0.00000000},{"TimeFrom":"2019-03-26T07:44:30","TimeTo":"2019-03-26T07:49:31","Situation":"flat","Value":0.00000000},{"TimeFrom":"2019-03-26T07:48:30","TimeTo":"2019-03-26T07:53:30","Situation":"flat","Value":0.00000000},{"TimeFrom":"2019-03-26T07:49:31","TimeTo":"2019-03-26T07:54:34","Situation":"flat","Value":0.00000000},{"TimeFrom":"2019-03-26T07:53:30","TimeTo":"2019-03-26T07:58:34","Situation":"flat","Value":0.00000000},{"TimeFrom":"2019-03-26T07:54:34","TimeTo":"2019-03-26T07:59:36","Situation":"flat","Value":0.00000000},{"TimeFrom":"2019-03-26T07:58:34","TimeTo":"2019-03-26T08:03:35","Situation":"flat","Value":0.00000000},{"TimeFrom":"2019-03-26T07:59:36","TimeTo":"2019-03-26T08:04:36","Situation":"flat","Value":0.00000000},{"TimeFrom":"2019-03-26T08:03:35","TimeTo":"2019-03-26T08:08:39","Situation":"flat","Value":0.00000000},{"TimeFrom":"2019-03-26T08:04:36","TimeTo":"2019-03-26T08:09:36","Situation":"flat","Value":0.00000000},{"TimeFrom":"2019-03-26T08:08:39","TimeTo":"2019-03-26T08:13:40","Situation":"flat","Value":0.00000000},{"TimeFrom":"2019-03-26T08:09:36","TimeTo":"2019-03-26T08:14:36","Situation":"flat","Value":0.00000000},{"TimeFrom":"2019-03-26T08:13:40","TimeTo":"2019-03-26T08:18:40","Situation":"flat","Value":0.00000000},{"TimeFrom":"2019-03-26T08:14:36","TimeTo":"2019-03-26T08:19:36","Situation":"flat","Value":0.00000000},{"TimeFrom":"2019-03-26T08:18:40","TimeTo":"2019-03-26T08:23:41","Situation":"flat","Value":0.00000000},{"TimeFrom":"2019-03-26T08:19:36","TimeTo":"2019-03-26T08:24:39","Situation":"flat","Value":-117.79900000},{"TimeFrom":"2019-03-26T08:23:41","TimeTo":"2019-03-26T08:28:44","Situation":"flat","Value":-117.79900000},{"TimeFrom":"2019-03-26T08:24:39","TimeTo":"2019-03-26T08:29:41","Situation":"flat","Value":0.00000000},{"TimeFrom":"2019-03-26T08:28:44","TimeTo":"2019-03-26T08:33:46","Situation":"flat","Value":-552.77666000},{"TimeFrom":"2019-03-26T08:29:41","TimeTo":"2019-03-26T08:34:45","Situation":"flat","Value":-552.77666000},{"TimeFrom":"2019-03-26T08:33:46","TimeTo":"2019-03-26T08:38:48","Situation":"flat","Value":0.00000000},{"TimeFrom":"2019-03-26T08:34:45","TimeTo":"2019-03-26T08:39:46","Situation":"flat","Value":-216.38301000},{"TimeFrom":"2019-03-26T08:38:48","TimeTo":"2019-03-26T08:43:49","Situation":"flat","Value":-216.38301000},{"TimeFrom":"2019-03-26T08:39:46","TimeTo":"2019-03-26T08:44:46","Situation":"flat","Value":0.00000000},{"TimeFrom":"2019-03-26T08:43:49","TimeTo":"2019-03-26T08:48:50","Situation":"flat","Value":0.00000000},{"TimeFrom":"2019-03-26T08:44:46","TimeTo":"2019-03-26T08:49:46","Situation":"flat","Value":0.00000000},{"TimeFrom":"2019-03-26T08:48:50","TimeTo":"2019-03-26T08:53:50","Situation":"flat","Value":0.00000000},{"TimeFrom":"2019-03-26T08:49:46","TimeTo":"2019-03-26T08:54:50","Situation":"flat","Value":0.00000000},{"TimeFrom":"2019-03-26T08:53:50","TimeTo":"2019-03-26T08:58:51","Situation":"flat","Value":0.00000000},{"TimeFrom":"2019-03-26T08:54:50","TimeTo":"2019-03-26T08:59:54","Situation":"flat","Value":0.00000000},{"TimeFrom":"2019-03-26T08:58:51","TimeTo":"2019-03-26T09:03:55","Situation":"flat","Value":0.00000000},{"TimeFrom":"2019-03-26T08:59:54","TimeTo":"2019-03-26T09:04:56","Situation":"flat","Value":0.00000000},{"TimeFrom":"2019-03-26T09:03:55","TimeTo":"2019-03-26T09:08:55","Situation":"flat","Value":0.00000000},{"TimeFrom":"2019-03-26T09:04:56","TimeTo":"2019-03-26T09:09:56","Situation":"flat","Value":0.00000000},{"TimeFrom":"2019-03-26T09:08:55","TimeTo":"2019-03-26T09:13:55","Situation":"flat","Value":0.00000000},{"TimeFrom":"2019-03-26T09:09:56","TimeTo":"2019-03-26T09:14:59","Situation":"flat","Value":0.00000000},{"TimeFrom":"2019-03-26T09:13:55","TimeTo":"2019-03-26T09:18:58","Situation":"flat","Value":0.00000000},{"TimeFrom":"2019-03-26T09:14:59","TimeTo":"2019-03-26T09:20:00","Situation":"flat","Value":0.00000000},{"TimeFrom":"2019-03-26T09:18:58","TimeTo":"2019-03-26T09:24:05","Situation":"flat","Value":0.00000000},{"TimeFrom":"2019-03-26T09:20:00","TimeTo":"2019-03-26T09:25:00","Situation":"flat","Value":0.00000000},{"TimeFrom":"2019-03-26T09:24:05","TimeTo":"2019-03-26T09:29:09","Situation":"flat","Value":521.01254000},{"TimeFrom":"2019-03-26T09:25:00","TimeTo":"2019-03-26T09:30:06","Situation":"flat","Value":521.01254000},{"TimeFrom":"2019-03-26T09:29:09","TimeTo":"2019-03-26T09:34:11","Situation":"flat","Value":290.00000000},{"TimeFrom":"2019-03-26T09:30:06","TimeTo":"2019-03-26T09:35:09","Situation":"flat","Value":290.00000000},{"TimeFrom":"2019-03-26T09:34:11","TimeTo":"2019-03-26T09:39:12","Situation":"flat","Value":0.00000000},{"TimeFrom":"2019-03-26T09:35:09","TimeTo":"2019-03-26T09:40:09","Situation":"flat","Value":0.00000000},{"TimeFrom":"2019-03-26T09:39:12","TimeTo":"2019-03-26T09:44:16","Situation":"flat","Value":0.00000000},{"TimeFrom":"2019-03-26T09:40:09","TimeTo":"2019-03-26T09:45:10","Situation":"flat","Value":0.00000000},{"TimeFrom":"2019-03-26T09:44:16","TimeTo":"2019-03-26T09:49:19","Situation":"flat","Value":-125.18570000},{"TimeFrom":"2019-03-26T09:45:10","TimeTo":"2019-03-26T09:50:11","Situation":"flat","Value":-125.18570000},{"TimeFrom":"2019-03-26T09:49:19","TimeTo":"2019-03-26T09:54:20","Situation":"flat","Value":0.00000000},{"TimeFrom":"2019-03-26T09:50:11","TimeTo":"2019-03-26T09:55:11","Situation":"flat","Value":0.00000000},{"TimeFrom":"2019-03-26T09:54:20","TimeTo":"2019-03-26T09:59:20","Situation":"flat","Value":0.00000000},{"TimeFrom":"2019-03-26T09:55:11","TimeTo":"2019-03-26T10:00:11","Situation":"flat","Value":0.00000000},{"TimeFrom":"2019-03-26T09:59:20","TimeTo":"2019-03-26T10:04:20","Situation":"flat","Value":0.00000000},{"TimeFrom":"2019-03-26T10:00:11","TimeTo":"2019-03-26T10:05:15","Situation":"flat","Value":0.00000000},{"TimeFrom":"2019-03-26T10:04:20","TimeTo":"2019-03-26T10:09:22","Situation":"flat","Value":-531.99673000},{"TimeFrom":"2019-03-26T10:05:15","TimeTo":"2019-03-26T10:10:19","Situation":"flat","Value":-531.99673000},{"TimeFrom":"2019-03-26T10:09:22","TimeTo":"2019-03-26T10:14:24","Situation":"flat","Value":0.00000000},{"TimeFrom":"2019-03-26T10:10:19","TimeTo":"2019-03-26T10:15:21","Situation":"flat","Value":0.00000000},{"TimeFrom":"2019-03-26T10:14:24","TimeTo":"2019-03-26T10:19:26","Situation":"flat","Value":117.13000000},{"TimeFrom":"2019-03-26T10:15:21","TimeTo":"2019-03-26T10:20:21","Situation":"flat","Value":117.13000000},{"TimeFrom":"2019-03-26T10:19:26","TimeTo":"2019-03-26T10:24:26","Situation":"flat","Value":161.47260000},{"TimeFrom":"2019-03-26T10:20:21","TimeTo":"2019-03-26T10:25:22","Situation":"flat","Value":-5.54240000},{"TimeFrom":"2019-03-26T10:24:26","TimeTo":"2019-03-26T10:29:30","Situation":"flat","Value":-167.01500000},{"TimeFrom":"2019-03-26T10:25:22","TimeTo":"2019-03-26T10:30:26","Situation":"flat","Value":0.00000000},{"TimeFrom":"2019-03-26T10:29:30","TimeTo":"2019-03-26T10:34:31","Situation":"flat","Value":0.00000000},{"TimeFrom":"2019-03-26T10:30:26","TimeTo":"2019-03-26T10:35:29","Situation":"flat","Value":0.00000000},{"TimeFrom":"2019-03-26T10:34:31","TimeTo":"2019-03-26T10:39:32","Situation":"flat","Value":0.00000000},{"TimeFrom":"2019-03-26T10:35:29","TimeTo":"2019-03-26T10:40:30","Situation":"flat","Value":0.00000000},{"TimeFrom":"2019-03-26T10:39:32","TimeTo":"2019-03-26T10:44:35","Situation":"flat","Value":0.00000000},{"TimeFrom":"2019-03-26T10:40:30","TimeTo":"2019-03-26T10:45:31","Situation":"flat","Value":0.00000000},{"TimeFrom":"2019-03-26T10:44:35","TimeTo":"2019-03-26T10:49:36","Situation":"flat","Value":0.00000000},{"TimeFrom":"2019-03-26T10:45:31","TimeTo":"2019-03-26T10:50:33","Situation":"flat","Value":0.00000000},{"TimeFrom":"2019-03-26T10:49:36","TimeTo":"2019-03-26T10:54:36","Situation":"flat","Value":0.00000000},{"TimeFrom":"2019-03-26T10:50:33","TimeTo":"2019-03-26T10:55:33","Situation":"flat","Value":0.00000000},{"TimeFrom":"2019-03-26T10:54:36","TimeTo":"2019-03-26T10:59:40","Situation":"flat","Value":0.00000000},{"TimeFrom":"2019-03-26T10:55:33","TimeTo":"2019-03-26T11:00:36","Situation":"flat","Value":0.00000000},{"TimeFrom":"2019-03-26T10:59:40","TimeTo":"2019-03-26T11:04:40","Situation":"flat","Value":0.00000000},{"TimeFrom":"2019-03-26T11:00:36","TimeTo":"2019-03-26T11:05:36","Situation":"flat","Value":0.00000000},{"TimeFrom":"2019-03-26T11:04:40","TimeTo":"2019-03-26T11:09:41","Situation":"flat","Value":0.00000000},{"TimeFrom":"2019-03-26T11:05:36","TimeTo":"2019-03-26T11:10:40","Situation":"flat","Value":0.00000000},{"TimeFrom":"2019-03-26T11:09:41","TimeTo":"2019-03-26T11:14:42","Situation":"flat","Value":0.00000000},{"TimeFrom":"2019-03-26T11:10:40","TimeTo":"2019-03-26T11:15:40","Situation":"flat","Value":0.00000000},{"TimeFrom":"2019-03-26T11:14:42","TimeTo":"2019-03-26T11:19:46","Situation":"flat","Value":-241.65141000},{"TimeFrom":"2019-03-26T11:15:40","TimeTo":"2019-03-26T11:20:44","Situation":"flat","Value":-241.65141000},{"TimeFrom":"2019-03-26T11:19:46","TimeTo":"2019-03-26T11:24:50","Situation":"flat","Value":0.00000000},{"TimeFrom":"2019-03-26T11:20:44","TimeTo":"2019-03-26T11:25:46","Situation":"flat","Value":0.00000000},{"TimeFrom":"2019-03-26T11:24:50","TimeTo":"2019-03-26T11:29:50","Situation":"flat","Value":0.00000000},{"TimeFrom":"2019-03-26T11:25:46","TimeTo":"2019-03-26T11:30:50","Situation":"flat","Value":0.00000000},{"TimeFrom":"2019-03-26T11:29:50","TimeTo":"2019-03-26T11:34:50","Situation":"flat","Value":0.00000000},{"TimeFrom":"2019-03-26T11:30:50","TimeTo":"2019-03-26T11:35:54","Situation":"flat","Value":0.00000000},{"TimeFrom":"2019-03-26T11:34:50","TimeTo":"2019-03-26T11:39:51","Situation":"flat","Value":-262.59230000},{"TimeFrom":"2019-03-26T11:35:54","TimeTo":"2019-03-26T11:40:54","Situation":"flat","Value":-262.59230000},{"TimeFrom":"2019-03-26T11:39:51","TimeTo":"2019-03-26T11:44:51","Situation":"flat","Value":145.95553000},{"TimeFrom":"2019-03-26T11:40:54","TimeTo":"2019-03-26T11:45:54","Situation":"flat","Value":145.95553000},{"TimeFrom":"2019-03-26T11:44:51","TimeTo":"2019-03-26T11:49:51","Situation":"flat","Value":0.00000000},{"TimeFrom":"2019-03-26T11:45:54","TimeTo":"2019-03-26T11:50:55","Situation":"flat","Value":0.00000000},{"TimeFrom":"2019-03-26T11:49:51","TimeTo":"2019-03-26T11:54:54","Situation":"flat","Value":0.00000000},{"TimeFrom":"2019-03-26T11:50:55","TimeTo":"2019-03-26T11:55:56","Situation":"flat","Value":0.00000000},{"TimeFrom":"2019-03-26T11:54:54","TimeTo":"2019-03-26T11:59:56","Situation":"flat","Value":0.00000000},{"TimeFrom":"2019-03-26T11:55:56","TimeTo":"2019-03-26T12:00:58","Situation":"flat","Value":0.00000000},{"TimeFrom":"2019-03-26T11:59:56","TimeTo":"2019-03-26T12:05:00","Situation":"flat","Value":0.00000000},{"TimeFrom":"2019-03-26T12:00:58","TimeTo":"2019-03-26T12:06:04","Situation":"flat","Value":0.00000000},{"TimeFrom":"2019-03-26T12:05:00","TimeTo":"2019-03-26T12:10:05","Situation":"flat","Value":0.00000000},{"TimeFrom":"2019-03-26T12:06:04","TimeTo":"2019-03-26T12:11:07","Situation":"flat","Value":270.49998000},{"TimeFrom":"2019-03-26T12:10:05","TimeTo":"2019-03-26T12:15:09","Situation":"flat","Value":626.83722000},{"TimeFrom":"2019-03-26T12:11:07","TimeTo":"2019-03-26T12:16:11","Situation":"flat","Value":356.33724000},{"TimeFrom":"2019-03-26T12:15:09","TimeTo":"2019-03-26T12:20:11","Situation":"flat","Value":0.00000000},{"TimeFrom":"2019-03-26T12:16:11","TimeTo":"2019-03-26T12:21:14","Situation":"flat","Value":178.46126000},{"TimeFrom":"2019-03-26T12:20:11","TimeTo":"2019-03-26T12:25:11","Situation":"flat","Value":314.63526000},{"TimeFrom":"2019-03-26T12:21:14","TimeTo":"2019-03-26T12:26:15","Situation":"flat","Value":136.17400000},{"TimeFrom":"2019-03-26T12:25:11","TimeTo":"2019-03-26T12:30:12","Situation":"flat","Value":0.00000000},{"TimeFrom":"2019-03-26T12:26:15","TimeTo":"2019-03-26T12:31:19","Situation":"flat","Value":0.00000000},{"TimeFrom":"2019-03-26T12:30:12","TimeTo":"2019-03-26T12:35:15","Situation":"flat","Value":0.00000000},{"TimeFrom":"2019-03-26T12:31:19","TimeTo":"2019-03-26T12:36:20","Situation":"flat","Value":0.00000000},{"TimeFrom":"2019-03-26T12:35:15","TimeTo":"2019-03-26T12:39:29","Situation":"trend","Value":-2480.40775000},{"TimeFrom":"2019-03-26T12:36:20","TimeTo":"2019-03-26T12:40:50","Situation":"trend","Value":-2480.40775000},{"TimeFrom":"2019-03-26T12:39:29","TimeTo":"2019-03-26T12:44:31","Situation":"flat","Value":463.27034000},{"TimeFrom":"2019-03-26T12:40:50","TimeTo":"2019-03-26T12:45:54","Situation":"flat","Value":463.27034000},{"TimeFrom":"2019-03-26T12:44:31","TimeTo":"2019-03-26T12:49:32","Situation":"flat","Value":574.19559000},{"TimeFrom":"2019-03-26T12:45:54","TimeTo":"2019-03-26T12:50:54","Situation":"flat","Value":574.19559000},{"TimeFrom":"2019-03-26T12:49:32","TimeTo":"2019-03-26T12:54:35","Situation":"flat","Value":0.00000000},{"TimeFrom":"2019-03-26T12:50:54","TimeTo":"2019-03-26T12:55:05","Situation":"trend","Value":0.00000000},{"TimeFrom":"2019-03-26T12:54:35","TimeTo":"2019-03-26T12:55:35","Situation":"trend","Value":0.00000000},{"TimeFrom":"2019-03-26T12:55:05","TimeTo":"2019-03-26T12:57:44","Situation":"trend","Value":-100.70849000},{"TimeFrom":"2019-03-26T12:55:35","TimeTo":"2019-03-26T12:57:44","Situation":"trend","Value":-100.70849000},{"TimeFrom":"2019-03-26T12:57:44","TimeTo":"2019-03-26T13:01:16","Situation":"trend","Value":-707.96884000},{"TimeFrom":"2019-03-26T12:57:44","TimeTo":"2019-03-26T13:01:19","Situation":"trend","Value":-707.96884000},{"TimeFrom":"2019-03-26T13:01:16","TimeTo":"2019-03-26T13:06:20","Situation":"flat","Value":-413.79861000},{"TimeFrom":"2019-03-26T13:01:19","TimeTo":"2019-03-26T13:06:20","Situation":"flat","Value":-413.79861000},{"TimeFrom":"2019-03-26T13:06:20","TimeTo":"2019-03-26T13:11:20","Situation":"flat","Value":-110.91207000},{"TimeFrom":"2019-03-26T13:06:20","TimeTo":"2019-03-26T13:11:21","Situation":"flat","Value":-110.91207000},{"TimeFrom":"2019-03-26T13:11:20","TimeTo":"2019-03-26T13:16:21","Situation":"flat","Value":140.96100000},{"TimeFrom":"2019-03-26T13:11:21","TimeTo":"2019-03-26T13:16:21","Situation":"flat","Value":140.96100000},{"TimeFrom":"2019-03-26T13:16:21","TimeTo":"2019-03-26T13:21:21","Situation":"flat","Value":143.37240000},{"TimeFrom":"2019-03-26T13:16:21","TimeTo":"2019-03-26T13:21:22","Situation":"flat","Value":143.37240000},{"TimeFrom":"2019-03-26T13:21:21","TimeTo":"2019-03-26T13:26:21","Situation":"flat","Value":-177.01003000},{"TimeFrom":"2019-03-26T13:21:22","TimeTo":"2019-03-26T13:26:25","Situation":"flat","Value":-177.01003000},{"TimeFrom":"2019-03-26T13:26:21","TimeTo":"2019-03-26T13:31:21","Situation":"flat","Value":0.00000000},{"TimeFrom":"2019-03-26T13:26:25","TimeTo":"2019-03-26T13:31:26","Situation":"flat","Value":0.00000000},{"TimeFrom":"2019-03-26T13:31:21","TimeTo":"2019-03-26T13:36:22","Situation":"flat","Value":0.00000000},{"TimeFrom":"2019-03-26T13:31:26","TimeTo":"2019-03-26T13:36:27","Situation":"flat","Value":0.00000000},{"TimeFrom":"2019-03-26T13:36:22","TimeTo":"2019-03-26T13:41:25","Situation":"flat","Value":152.04992000},{"TimeFrom":"2019-03-26T13:36:27","TimeTo":"2019-03-26T13:41:31","Situation":"flat","Value":152.04992000},{"TimeFrom":"2019-03-26T13:41:25","TimeTo":"2019-03-26T13:46:29","Situation":"flat","Value":0.00000000},{"TimeFrom":"2019-03-26T13:41:31","TimeTo":"2019-03-26T13:46:35","Situation":"flat","Value":0.00000000},{"TimeFrom":"2019-03-26T13:46:29","TimeTo":"2019-03-26T13:51:29","Situation":"flat","Value":-474.73198000},{"TimeFrom":"2019-03-26T13:46:35","TimeTo":"2019-03-26T13:51:38","Situation":"flat","Value":-474.73198000},{"TimeFrom":"2019-03-26T13:51:29","TimeTo":"2019-03-26T13:56:32","Situation":"flat","Value":-110.87512000},{"TimeFrom":"2019-03-26T13:51:38","TimeTo":"2019-03-26T13:56:42","Situation":"flat","Value":-110.87512000},{"TimeFrom":"2019-03-26T13:56:32","TimeTo":"2019-03-26T14:01:35","Situation":"flat","Value":0.00000000},{"TimeFrom":"2019-03-26T13:56:42","TimeTo":"2019-03-26T14:01:43","Situation":"flat","Value":0.00000000},{"TimeFrom":"2019-03-26T14:01:35","TimeTo":"2019-03-26T14:03:36","Situation":"trend","Value":0.00000000},{"TimeFrom":"2019-03-26T14:01:43","TimeTo":"2019-03-26T14:03:36","Situation":"trend","Value":0.00000000},{"TimeFrom":"2019-03-26T14:03:36","TimeTo":"2019-03-26T14:08:39","Situation":"flat","Value":204.27937000},{"TimeFrom":"2019-03-26T14:03:36","TimeTo":"2019-03-26T14:08:39","Situation":"flat","Value":204.27937000},{"TimeFrom":"2019-03-26T14:08:39","TimeTo":"2019-03-26T14:11:27","Situation":"trend","Value":0.00000000},{"TimeFrom":"2019-03-26T14:08:39","TimeTo":"2019-03-26T14:11:27","Situation":"trend","Value":0.00000000},{"TimeFrom":"2019-03-26T14:11:27","TimeTo":"2019-03-26T14:16:30","Situation":"flat","Value":136.35576000},{"TimeFrom":"2019-03-26T14:11:27","TimeTo":"2019-03-26T14:16:30","Situation":"flat","Value":136.35576000},{"TimeFrom":"2019-03-26T14:16:30","TimeTo":"2019-03-26T14:21:31","Situation":"flat","Value":0.00000000},{"TimeFrom":"2019-03-26T14:16:30","TimeTo":"2019-03-26T14:21:31","Situation":"flat","Value":0.00000000},{"TimeFrom":"2019-03-26T14:21:31","TimeTo":"2019-03-26T14:26:34","Situation":"flat","Value":0.00000000},{"TimeFrom":"2019-03-26T14:21:31","TimeTo":"2019-03-26T14:26:34","Situation":"flat","Value":0.00000000},{"TimeFrom":"2019-03-26T14:26:34","TimeTo":"2019-03-26T14:31:34","Situation":"flat","Value":-240.38356000},{"TimeFrom":"2019-03-26T14:26:34","TimeTo":"2019-03-26T14:31:34","Situation":"flat","Value":-240.38356000},{"TimeFrom":"2019-03-26T14:31:34","TimeTo":"2019-03-26T14:36:34","Situation":"flat","Value":0.00000000},{"TimeFrom":"2019-03-26T14:31:34","TimeTo":"2019-03-26T14:36:34","Situation":"flat","Value":0.00000000},{"TimeFrom":"2019-03-26T14:36:34","TimeTo":"2019-03-26T14:41:36","Situation":"flat","Value":0.00000000},{"TimeFrom":"2019-03-26T14:36:34","TimeTo":"2019-03-26T14:41:36","Situation":"flat","Value":0.00000000},{"TimeFrom":"2019-03-26T14:41:36","TimeTo":"2019-03-26T14:46:40","Situation":"flat","Value":0.00000000},{"TimeFrom":"2019-03-26T14:41:36","TimeTo":"2019-03-26T14:46:40","Situation":"flat","Value":0.00000000},{"TimeFrom":"2019-03-26T14:46:40","TimeTo":"2019-03-26T14:51:44","Situation":"flat","Value":0.00000000},{"TimeFrom":"2019-03-26T14:46:40","TimeTo":"2019-03-26T14:51:44","Situation":"flat","Value":0.00000000},{"TimeFrom":"2019-03-26T14:51:44","TimeTo":"2019-03-26T14:56:44","Situation":"flat","Value":0.00000000},{"TimeFrom":"2019-03-26T14:51:44","TimeTo":"2019-03-26T14:56:44","Situation":"flat","Value":0.00000000},{"TimeFrom":"2019-03-26T14:56:44","TimeTo":"2019-03-26T15:01:44","Situation":"flat","Value":-184.38910000},{"TimeFrom":"2019-03-26T14:56:44","TimeTo":"2019-03-26T15:01:45","Situation":"flat","Value":-184.38910000},{"TimeFrom":"2019-03-26T15:01:44","TimeTo":"2019-03-26T15:06:45","Situation":"flat","Value":112.44800000},{"TimeFrom":"2019-03-26T15:01:45","TimeTo":"2019-03-26T15:06:45","Situation":"flat","Value":112.44800000},{"TimeFrom":"2019-03-26T15:06:45","TimeTo":"2019-03-26T15:11:46","Situation":"flat","Value":-135.29700000},{"TimeFrom":"2019-03-26T15:06:45","TimeTo":"2019-03-26T15:11:47","Situation":"flat","Value":-135.29700000},{"TimeFrom":"2019-03-26T15:11:46","TimeTo":"2019-03-26T15:16:46","Situation":"flat","Value":0.00000000},{"TimeFrom":"2019-03-26T15:11:47","TimeTo":"2019-03-26T15:16:51","Situation":"flat","Value":0.00000000},{"TimeFrom":"2019-03-26T15:16:46","TimeTo":"2019-03-26T15:21:46","Situation":"flat","Value":-208.94850000},{"TimeFrom":"2019-03-26T15:16:51","TimeTo":"2019-03-26T15:21:51","Situation":"flat","Value":-208.94850000},{"TimeFrom":"2019-03-26T15:21:46","TimeTo":"2019-03-26T15:26:46","Situation":"flat","Value":0.00000000},{"TimeFrom":"2019-03-26T15:21:51","TimeTo":"2019-03-26T15:26:51","Situation":"flat","Value":0.00000000},{"TimeFrom":"2019-03-26T15:26:46","TimeTo":"2019-03-26T15:31:49","Situation":"flat","Value":0.00000000},{"TimeFrom":"2019-03-26T15:26:51","TimeTo":"2019-03-26T15:31:53","Situation":"flat","Value":0.00000000},{"TimeFrom":"2019-03-26T15:31:49","TimeTo":"2019-03-26T15:36:49","Situation":"flat","Value":0.00000000},{"TimeFrom":"2019-03-26T15:31:53","TimeTo":"2019-03-26T15:36:53","Situation":"flat","Value":0.00000000},{"TimeFrom":"2019-03-26T15:36:49","TimeTo":"2019-03-26T15:41:52","Situation":"flat","Value":0.00000000},{"TimeFrom":"2019-03-26T15:36:53","TimeTo":"2019-03-26T15:41:57","Situation":"flat","Value":0.00000000},{"TimeFrom":"2019-03-26T15:41:52","TimeTo":"2019-03-26T15:46:55","Situation":"flat","Value":117.26400000},{"TimeFrom":"2019-03-26T15:41:57","TimeTo":"2019-03-26T15:47:00","Situation":"flat","Value":117.26400000},{"TimeFrom":"2019-03-26T15:46:55","TimeTo":"2019-03-26T15:51:59","Situation":"flat","Value":-572.12273000},{"TimeFrom":"2019-03-26T15:47:00","TimeTo":"2019-03-26T15:52:05","Situation":"flat","Value":-572.12273000},{"TimeFrom":"2019-03-26T15:51:59","TimeTo":"2019-03-26T15:57:00","Situation":"flat","Value":104.92755000},{"TimeFrom":"2019-03-26T15:52:05","TimeTo":"2019-03-26T15:57:06","Situation":"flat","Value":104.92755000},{"TimeFrom":"2019-03-26T15:57:00","TimeTo":"2019-03-26T16:02:00","Situation":"flat","Value":0.00000000},{"TimeFrom":"2019-03-26T15:57:06","TimeTo":"2019-03-26T16:02:07","Situation":"flat","Value":0.00000000},{"TimeFrom":"2019-03-26T16:02:00","TimeTo":"2019-03-26T16:07:04","Situation":"flat","Value":0.00000000},{"TimeFrom":"2019-03-26T16:02:07","TimeTo":"2019-03-26T16:07:09","Situation":"flat","Value":0.00000000},{"TimeFrom":"2019-03-26T16:07:04","TimeTo":"2019-03-26T16:12:06","Situation":"flat","Value":0.00000000},{"TimeFrom":"2019-03-26T16:07:09","TimeTo":"2019-03-26T16:12:11","Situation":"flat","Value":0.00000000},{"TimeFrom":"2019-03-26T16:12:06","TimeTo":"2019-03-26T16:17:10","Situation":"flat","Value":0.00000000},{"TimeFrom":"2019-03-26T16:12:11","TimeTo":"2019-03-26T16:17:15","Situation":"flat","Value":0.00000000},{"TimeFrom":"2019-03-26T16:17:10","TimeTo":"2019-03-26T16:22:11","Situation":"flat","Value":0.00000000},{"TimeFrom":"2019-03-26T16:17:15","TimeTo":"2019-03-26T16:22:16","Situation":"flat","Value":0.00000000},{"TimeFrom":"2019-03-26T16:22:11","TimeTo":"2019-03-26T16:27:11","Situation":"flat","Value":-922.64308000},{"TimeFrom":"2019-03-26T16:22:16","TimeTo":"2019-03-26T16:27:16","Situation":"flat","Value":-922.64308000},{"TimeFrom":"2019-03-26T16:27:11","TimeTo":"2019-03-26T16:32:11","Situation":"flat","Value":164.22100000},{"TimeFrom":"2019-03-26T16:27:16","TimeTo":"2019-03-26T16:32:16","Situation":"flat","Value":164.22100000},{"TimeFrom":"2019-03-26T16:32:11","TimeTo":"2019-03-26T16:37:14","Situation":"flat","Value":0.00000000},{"TimeFrom":"2019-03-26T16:32:16","TimeTo":"2019-03-26T16:37:19","Situation":"flat","Value":0.00000000},{"TimeFrom":"2019-03-26T16:37:14","TimeTo":"2019-03-26T16:42:15","Situation":"flat","Value":0.00000000},{"TimeFrom":"2019-03-26T16:37:19","TimeTo":"2019-03-26T16:42:20","Situation":"flat","Value":0.00000000},{"TimeFrom":"2019-03-26T16:42:15","TimeTo":"2019-03-26T16:47:19","Situation":"flat","Value":100.00000000},{"TimeFrom":"2019-03-26T16:42:20","TimeTo":"2019-03-26T16:47:24","Situation":"flat","Value":100.00000000},{"TimeFrom":"2019-03-26T16:47:19","TimeTo":"2019-03-26T16:52:20","Situation":"flat","Value":0.00000000},{"TimeFrom":"2019-03-26T16:47:24","TimeTo":"2019-03-26T16:52:25","Situation":"flat","Value":0.00000000},{"TimeFrom":"2019-03-26T16:52:20","TimeTo":"2019-03-26T16:57:20","Situation":"flat","Value":0.00000000},{"TimeFrom":"2019-03-26T16:52:25","TimeTo":"2019-03-26T16:57:29","Situation":"flat","Value":0.00000000},{"TimeFrom":"2019-03-26T16:57:20","TimeTo":"2019-03-26T17:00:09","Situation":"trend","Value":553.34030000},{"TimeFrom":"2019-03-26T16:57:29","TimeTo":"2019-03-26T17:02:29","Situation":"flat","Value":553.34030000},{"TimeFrom":"2019-03-26T17:00:09","TimeTo":"2019-03-26T17:05:09","Situation":"flat","Value":0.00000000},{"TimeFrom":"2019-03-26T17:02:29","TimeTo":"2019-03-26T17:07:31","Situation":"flat","Value":0.00000000},{"TimeFrom":"2019-03-26T17:05:09","TimeTo":"2019-03-26T17:10:12","Situation":"flat","Value":0.00000000},{"TimeFrom":"2019-03-26T17:07:31","TimeTo":"2019-03-26T17:12:35","Situation":"flat","Value":0.00000000},{"TimeFrom":"2019-03-26T17:10:12","TimeTo":"2019-03-26T17:15:15","Situation":"flat","Value":0.00000000},{"TimeFrom":"2019-03-26T17:12:35","TimeTo":"2019-03-26T17:17:37","Situation":"flat","Value":0.00000000},{"TimeFrom":"2019-03-26T17:15:15","TimeTo":"2019-03-26T17:20:17","Situation":"flat","Value":0.00000000},{"TimeFrom":"2019-03-26T17:17:37","TimeTo":"2019-03-26T17:22:40","Situation":"flat","Value":-149.96375000},{"TimeFrom":"2019-03-26T17:20:17","TimeTo":"2019-03-26T17:25:21","Situation":"flat","Value":-149.96375000},{"TimeFrom":"2019-03-26T17:22:40","TimeTo":"2019-03-26T17:27:41","Situation":"flat","Value":0.00000000},{"TimeFrom":"2019-03-26T17:25:21","TimeTo":"2019-03-26T17:30:21","Situation":"flat","Value":0.00000000},{"TimeFrom":"2019-03-26T17:27:41","TimeTo":"2019-03-26T17:32:42","Situation":"flat","Value":0.00000000},{"TimeFrom":"2019-03-26T17:30:21","TimeTo":"2019-03-26T17:35:21","Situation":"flat","Value":0.00000000},{"TimeFrom":"2019-03-26T17:32:42","TimeTo":"2019-03-26T17:37:46","Situation":"flat","Value":0.00000000},{"TimeFrom":"2019-03-26T17:35:21","TimeTo":"2019-03-26T17:40:21","Situation":"flat","Value":0.00000000},{"TimeFrom":"2019-03-26T17:37:46","TimeTo":"2019-03-26T17:42:50","Situation":"flat","Value":-35.91469000},{"TimeFrom":"2019-03-26T17:40:21","TimeTo":"2019-03-26T17:45:22","Situation":"flat","Value":-35.91469000},{"TimeFrom":"2019-03-26T17:42:50","TimeTo":"2019-03-26T17:47:51","Situation":"flat","Value":0.00000000},{"TimeFrom":"2019-03-26T17:45:22","TimeTo":"2019-03-26T17:50:24","Situation":"flat","Value":-154.68236000},{"TimeFrom":"2019-03-26T17:47:51","TimeTo":"2019-03-26T17:52:55","Situation":"flat","Value":-154.68236000},{"TimeFrom":"2019-03-26T17:50:24","TimeTo":"2019-03-26T17:55:26","Situation":"flat","Value":0.00000000},{"TimeFrom":"2019-03-26T17:52:55","TimeTo":"2019-03-26T17:57:57","Situation":"flat","Value":0.00000000},{"TimeFrom":"2019-03-26T17:55:26","TimeTo":"2019-03-26T18:00:26","Situation":"flat","Value":0.00000000},{"TimeFrom":"2019-03-26T17:57:57","TimeTo":"2019-03-26T18:03:00","Situation":"flat","Value":0.00000000},{"TimeFrom":"2019-03-26T18:00:26","TimeTo":"2019-03-26T18:05:26","Situation":"flat","Value":0.00000000},{"TimeFrom":"2019-03-26T18:03:00","TimeTo":"2019-03-26T18:08:04","Situation":"flat","Value":0.00000000},{"TimeFrom":"2019-03-26T18:05:26","TimeTo":"2019-03-26T18:10:27","Situation":"flat","Value":0.00000000},{"TimeFrom":"2019-03-26T18:08:04","TimeTo":"2019-03-26T18:13:08","Situation":"flat","Value":0.00000000},{"TimeFrom":"2019-03-26T18:10:27","TimeTo":"2019-03-26T18:15:29","Situation":"flat","Value":0.00000000},{"TimeFrom":"2019-03-26T18:13:08","TimeTo":"2019-03-26T18:18:11","Situation":"flat","Value":0.00000000},{"TimeFrom":"2019-03-26T18:15:29","TimeTo":"2019-03-26T18:20:30","Situation":"flat","Value":123.23811000},{"TimeFrom":"2019-03-26T18:18:11","TimeTo":"2019-03-26T18:23:11","Situation":"flat","Value":123.23811000},{"TimeFrom":"2019-03-26T18:20:30","TimeTo":"2019-03-26T18:25:31","Situation":"flat","Value":0.00000000},{"TimeFrom":"2019-03-26T18:23:11","TimeTo":"2019-03-26T18:28:14","Situation":"flat","Value":247.75162000},{"TimeFrom":"2019-03-26T18:25:31","TimeTo":"2019-03-26T18:30:34","Situation":"flat","Value":247.75162000},{"TimeFrom":"2019-03-26T18:28:14","TimeTo":"2019-03-26T18:33:16","Situation":"flat","Value":0.00000000},{"TimeFrom":"2019-03-26T18:30:34","TimeTo":"2019-03-26T18:35:36","Situation":"flat","Value":0.00000000},{"TimeFrom":"2019-03-26T18:33:16","TimeTo":"2019-03-26T18:38:17","Situation":"flat","Value":-105.23800000},{"TimeFrom":"2019-03-26T18:35:36","TimeTo":"2019-03-26T18:40:37","Situation":"flat","Value":-105.23800000},{"TimeFrom":"2019-03-26T18:38:17","TimeTo":"2019-03-26T18:43:21","Situation":"flat","Value":0.00000000},{"TimeFrom":"2019-03-26T18:40:37","TimeTo":"2019-03-26T18:45:37","Situation":"flat","Value":0.00000000},{"TimeFrom":"2019-03-26T18:43:21","TimeTo":"2019-03-26T18:48:22","Situation":"flat","Value":0.00000000},{"TimeFrom":"2019-03-26T18:45:37","TimeTo":"2019-03-26T18:50:41","Situation":"flat","Value":0.00000000},{"TimeFrom":"2019-03-26T18:48:22","TimeTo":"2019-03-26T18:53:22","Situation":"flat","Value":0.00000000},{"TimeFrom":"2019-03-26T18:50:41","TimeTo":"2019-03-26T18:55:41","Situation":"flat","Value":0.00000000},{"TimeFrom":"2019-03-26T18:53:22","TimeTo":"2019-03-26T18:58:25","Situation":"flat","Value":0.00000000},{"TimeFrom":"2019-03-26T18:55:41","TimeTo":"2019-03-26T19:00:43","Situation":"flat","Value":0.00000000},{"TimeFrom":"2019-03-26T18:58:25","TimeTo":"2019-03-26T19:03:27","Situation":"flat","Value":-184.91837000},{"TimeFrom":"2019-03-26T19:00:43","TimeTo":"2019-03-26T19:05:46","Situation":"flat","Value":-338.49664000},{"TimeFrom":"2019-03-26T19:03:27","TimeTo":"2019-03-26T19:08:31","Situation":"flat","Value":-153.57827000},{"TimeFrom":"2019-03-26T19:05:46","TimeTo":"2019-03-26T19:10:50","Situation":"flat","Value":-100.83408000},{"TimeFrom":"2019-03-26T19:08:31","TimeTo":"2019-03-26T19:13:34","Situation":"flat","Value":12.53224000},{"TimeFrom":"2019-03-26T19:10:50","TimeTo":"2019-03-26T19:15:51","Situation":"flat","Value":113.36632000},{"TimeFrom":"2019-03-26T19:13:34","TimeTo":"2019-03-26T19:18:34","Situation":"flat","Value":0.00000000},{"TimeFrom":"2019-03-26T19:15:51","TimeTo":"2019-03-26T19:20:55","Situation":"flat","Value":0.00000000},{"TimeFrom":"2019-03-26T19:18:34","TimeTo":"2019-03-26T19:23:36","Situation":"flat","Value":0.00000000},{"TimeFrom":"2019-03-26T19:20:55","TimeTo":"2019-03-26T19:25:56","Situation":"flat","Value":0.00000000},{"TimeFrom":"2019-03-26T19:23:36","TimeTo":"2019-03-26T19:28:40","Situation":"flat","Value":0.00000000},{"TimeFrom":"2019-03-26T19:25:56","TimeTo":"2019-03-26T19:31:00","Situation":"flat","Value":0.00000000},{"TimeFrom":"2019-03-26T19:28:40","TimeTo":"2019-03-26T19:33:42","Situation":"flat","Value":0.00000000},{"TimeFrom":"2019-03-26T19:31:00","TimeTo":"2019-03-26T19:36:03","Situation":"flat","Value":0.00000000},{"TimeFrom":"2019-03-26T19:33:42","TimeTo":"2019-03-26T19:38:42","Situation":"flat","Value":0.00000000},{"TimeFrom":"2019-03-26T19:36:03","TimeTo":"2019-03-26T19:41:04","Situation":"flat","Value":0.00000000},{"TimeFrom":"2019-03-26T19:38:42","TimeTo":"2019-03-26T19:43:44","Situation":"flat","Value":0.00000000},{"TimeFrom":"2019-03-26T19:41:04","TimeTo":"2019-03-26T19:46:06","Situation":"flat","Value":0.00000000},{"TimeFrom":"2019-03-26T19:43:44","TimeTo":"2019-03-26T19:48:45","Situation":"flat","Value":0.00000000},{"TimeFrom":"2019-03-26T19:46:06","TimeTo":"2019-03-26T19:51:06","Situation":"flat","Value":0.00000000},{"TimeFrom":"2019-03-26T19:48:45","TimeTo":"2019-03-26T19:53:45","Situation":"flat","Value":0.00000000},{"TimeFrom":"2019-03-26T19:51:06","TimeTo":"2019-03-26T19:56:11","Situation":"flat","Value":0.00000000},{"TimeFrom":"2019-03-26T19:53:45","TimeTo":"2019-03-26T19:58:46","Situation":"flat","Value":0.00000000},{"TimeFrom":"2019-03-26T19:56:11","TimeTo":"2019-03-26T20:01:13","Situation":"flat","Value":0.00000000},{"TimeFrom":"2019-03-26T19:58:46","TimeTo":"2019-03-26T20:03:50","Situation":"flat","Value":0.00000000},{"TimeFrom":"2019-03-26T20:01:13","TimeTo":"2019-03-26T20:06:14","Situation":"flat","Value":0.00000000},{"TimeFrom":"2019-03-26T20:03:50","TimeTo":"2019-03-26T20:08:51","Situation":"flat","Value":0.00000000},{"TimeFrom":"2019-03-26T20:06:14","TimeTo":"2019-03-26T20:11:15","Situation":"flat","Value":0.00000000},{"TimeFrom":"2019-03-26T20:08:51","TimeTo":"2019-03-26T20:13:55","Situation":"flat","Value":0.00000000},{"TimeFrom":"2019-03-26T20:11:15","TimeTo":"2019-03-26T20:16:15","Situation":"flat","Value":0.00000000},{"TimeFrom":"2019-03-26T20:13:55","TimeTo":"2019-03-26T20:18:58","Situation":"flat","Value":0.00000000},{"TimeFrom":"2019-03-26T20:16:15","TimeTo":"2019-03-26T20:21:15","Situation":"flat","Value":0.00000000},{"TimeFrom":"2019-03-26T20:18:58","TimeTo":"2019-03-26T20:23:59","Situation":"flat","Value":0.00000000},{"TimeFrom":"2019-03-26T20:21:15","TimeTo":"2019-03-26T20:26:15","Situation":"flat","Value":0.00000000},{"TimeFrom":"2019-03-26T20:23:59","TimeTo":"2019-03-26T20:29:00","Situation":"flat","Value":0.00000000},{"TimeFrom":"2019-03-26T20:26:15","TimeTo":"2019-03-26T20:31:19","Situation":"flat","Value":0.00000000},{"TimeFrom":"2019-03-26T20:29:00","TimeTo":"2019-03-26T20:34:05","Situation":"flat","Value":0.00000000},{"TimeFrom":"2019-03-26T20:31:19","TimeTo":"2019-03-26T20:36:19","Situation":"flat","Value":0.00000000},{"TimeFrom":"2019-03-26T20:34:05","TimeTo":"2019-03-26T20:39:09","Situation":"flat","Value":0.00000000},{"TimeFrom":"2019-03-26T20:36:19","TimeTo":"2019-03-26T20:41:20","Situation":"flat","Value":0.00000000},{"TimeFrom":"2019-03-26T20:39:09","TimeTo":"2019-03-26T20:44:09","Situation":"flat","Value":0.00000000},{"TimeFrom":"2019-03-26T20:41:20","TimeTo":"2019-03-26T20:46:21","Situation":"flat","Value":-150.60200000},{"TimeFrom":"2019-03-26T20:44:09","TimeTo":"2019-03-26T20:49:12","Situation":"flat","Value":-150.60200000},{"TimeFrom":"2019-03-26T20:46:21","TimeTo":"2019-03-26T20:51:21","Situation":"flat","Value":-130.00000000},{"TimeFrom":"2019-03-26T20:49:12","TimeTo":"2019-03-26T20:54:15","Situation":"flat","Value":-130.00000000},{"TimeFrom":"2019-03-26T20:51:21","TimeTo":"2019-03-26T20:56:24","Situation":"flat","Value":0.00000000},{"TimeFrom":"2019-03-26T20:54:15","TimeTo":"2019-03-26T20:59:15","Situation":"flat","Value":0.00000000}]}
