{"OrderBookAsks":[{"Time":"2019-03-26T07:36:15","Situation":"trend","Type":"ask","Price":0.02300000,"Amount":6852365.50000000,"Done":false},{"Time":"2019-03-26T07:36:16","Situation":"trend","Type":"ask","Price":0.02300000,"Amount":6852365.50000000,"Done":false},{"Time":"2019-03-26T07:41:16","Situation":"flat","Type":"ask","Price":0.02300000,"Amount":6852365.50000000,"Done":false},{"Time":"2019-03-26T07:41:20","Situation":"flat","Type":"ask","Price":0.02300000,"Amount":6852365.50000000,"Done":false},{"Time":"2019-03-26T07:43:24","Situation":"trend","Type":"ask","Price":0.02300000,"Amount":6852365.50000000,"Done":false},{"Time":"2019-03-26T07:43:24","Situation":"trend","Type":"ask","Price":0.02300000,"Amount":6852365.50000000,"Done":false},{"Time":"2019-03-26T07:48:25","Situation":"flat","Type":"ask","Price":0.02300000,"Amount":6852365.50000000,"Done":false},{"Time":"2019-03-26T07:48:28","Situation":"flat","Type":"ask","Price":0.02300000,"Amount":6852365.50000000,"Done":false},{"Time":"2019-03-26T07:53:25","Situation":"flat","Type":"ask","Price":0.02300000,"Amount":6852365.50000000,"Done":false},{"Time":"2019-03-26T07:53:31","Situation":"flat","Type":"ask","Price":0.02300000,"Amount":6852365.50000000,"Done":false},{"Time":"2019-03-26T07:58:29","Situation":"flat","Type":"ask","Price":0.02300000,"Amount":6852365.50000000,"Done":false},{"Time":"2019-03-26T07:58:34","Situation":"flat","Type":"ask","Price":0.02300000,"Amount":6852365.50000000,"Done":false},{"Time":"2019-03-26T08:03:30","Situation":"flat","Type":"ask","Price":0.02300000,"Amount":6852365.50000000,"Done":false},{"Time":"2019-03-26T08:03:36","Situation":"flat","Type":"ask","Price":0.02300000,"Amount":6852365.50000000,"Done":false},{"Time":"2019-03-26T08:08:30","Situation":"flat","Type":"ask","Price":0.02300000,"Amount":6852365.50000000,"Done":false},{"Time":"2019-03-26T08:08:39","Situation":"flat","Type":"ask","Price":0.02300000,"Amount":6852365.50000000,"Done":false},{"Time":"2019-03-26T08:13:30","Situation":"flat","Type":"ask","Price":0.02300000,"Amount":6852365.50000000,"Done":false},{"Time":"2019-03-26T08:13:40","Situation":"flat","Type":"ask","Price":0.02300000,"Amount":6852365.50000000,"Done":false},{"Time":"2019-03-26T08:18:30","Situation":"flat","Type":"ask","Price":0.02300000,"Amount":6852365.50000000,"Done":false},{"Time":"2019-03-26T08:18:40","Situation":"flat","Type":"ask","Price":0.02300000,"Amount":6852365.50000000,"Done":false},{"Time":"2019-03-26T08:23:31","Situation":"flat","Type":"ask","Price":0.02300000,"Amount":6852365.50000000,"Done":false},{"Time":"2019-03-26T08:23:41","Situation":"flat","Type":"ask","Price":0.02300000,"Amount":6852365.50000000,"Done":false},{"Time":"2019-03-26T08:28:34","Situation":"flat","Type":"ask","Price":0.02300000,"Amount":6852365.50000000,"Done":false},{"Time":"2019-03-26T08:28:44","Situation":"flat","Type":"ask","Price":0.02300000,"Amount":6852365.50000000,"Done":false},{"Time":"2019-03-26T08:33:36","Situation":"flat","Type":"ask","Price":0.02300000,"Amount":6852365.50000000,"Done":false},{"Time":"2019-03-26T08:33:46","Situation":"flat","Type":"ask","Price":0.02300000,"Amount":6852365.50000000,"Done":false},{"Time":"2019-03-26T08:38:38","Situation":"flat","Type":"ask","Price":0.02300000,"Amount":6852365.50000000,"Done":false},{"Time":"2019-03-26T08:38:47","Situation":"flat","Type":"ask","Price":0.02300000,"Amount":6852365.50000000,"Done":false},{"Time":"2019-03-26T08:43:39","Situation":"flat","Type":"ask","Price":0.02300000,"Amount":6852365.50000000,"Done":false},{"Time":"2019-03-26T08:43:49","Situation":"flat","Type":"ask","Price":0.02300000,"Amount":6852365.50000000,"Done":false},{"Time":"2019-03-26T08:48:40","Situation":"flat","Type":"ask","Price":0.02300000,"Amount":6852365.50000000,"Done":false},{"Time":"2019-03-26T08:48:50","Situation":"flat","Type":"ask","Price":0.02300000,"Amount":6852365.50000000,"Done":false},{"Time":"2019-03-26T08:53:41","Situation":"flat","Type":"ask","Price":0.02300000,"Amount":6852365.50000000,"Done":false},{"Time":"2019-03-26T08:53:51","Situation":"flat","Type":"ask","Price":0.02300000,"Amount":6852365.50000000,"Done":false},{"Time":"2019-03-26T08:58:41","Situation":"flat","Type":"ask","Price":0.02300000,"Amount":6852365.50000000,"Done":false},{"Time":"2019-03-26T08:58:51","Situation":"flat","Type":"ask","Price":0.02300000,"Amount":6852365.50000000,"Done":false},{"Time":"2019-03-26T09:03:45","Situation":"flat","Type":"ask","Price":0.02300000,"Amount":6852365.50000000,"Done":false},{"Time":"2019-03-26T09:03:55","Situation":"flat","Type":"ask","Price":0.02300000,"Amount":6852365.50000000,"Done":false},{"Time":"2019-03-26T09:08:45","Situation":"flat","Type":"ask","Price":0.02300000,"Amount":6852365.50000000,"Done":false},{"Time":"2019-03-26T09:08:56","Situation":"flat","Type":"ask","Price":0.02300000,"Amount":6852365.50000000,"Done":false},{"Time":"2019-03-26T09:13:46","Situation":"flat","Type":"ask","Price":0.02300000,"Amount":6852365.50000000,"Done":false},{"Time":"2019-03-26T09:13:56","Situation":"flat","Type":"ask","Price":0.02300000,"Amount":6852365.50000000,"Done":false},{"Time":"2019-03-26T09:18:50","Situation":"flat","Type":"ask","Price":0.02300000,"Amount":6855530.90000000,"Done":false},{"Time":"2019-03-26T09:19:00","Situation":"flat","Type":"ask","Price":0.02300000,"Amount":6855530.90000000,"Done":false},{"Time":"2019-03-26T09:23:52","Situation":"flat","Type":"ask","Price":0.02300000,"Amount":6855530.90000000,"Done":false},{"Time":"2019-03-26T09:24:05","Situation":"flat","Type":"ask","Price":0.02300000,"Amount":6855530.90000000,"Done":false},{"Time":"2019-03-26T09:28:52","Situation":"flat","Type":"ask","Price":0.02300000,"Amount":6855530.90000000,"Done":false},{"Time":"2019-03-26T09:29:09","Situation":"flat","Type":"ask","Price":0.02300000,"Amount":6855530.90000000,"Done":false},{"Time":"2019-03-26T09:33:54","Situation":"flat","Type":"ask","Price":0.02300000,"Amount":6855530.90000000,"Done":false},{"Time":"2019-03-26T09:34:11","Situation":"flat","Type":"ask","Price":0.02300000,"Amount":6855530.90000000,"Done":false},{"Time":"2019-03-26T09:38:55","Situation":"flat","Type":"ask","Price":0.02300000,"Amount":6855530.90000000,"Done":false},{"Time":"2019-03-26T09:39:12","Situation":"flat","Type":"ask","Price":0.02300000,"Amount":6855530.90000000,"Done":false},{"Time":"2019-03-26T09:43:56","Situation":"flat","Type":"ask","Price":0.02300000,"Amount":6855530.90000000,"Done":false},{"Time":"2019-03-26T09:44:16","Situation":"flat","Type":"ask","Price":0.02300000,"Amount":6855530.90000000,"Done":false},{"Time":"2019-03-26T09:48:57","Situation":"flat","Type":"ask","Price":0.02300000,"Amount":6855530.90000000,"Done":false},{"Time":"2019-03-26T09:49:20","Situation":"flat","Type":"ask","Price":0.02300000,"Amount":6855530.90000000,"Done":false},{"Time":"2019-03-26T09:53:57","Situation":"flat","Type":"ask","Price":0.02300000,"Amount":6855530.90000000,"Done":false},{"Time":"2019-03-26T09:54:20","Situation":"flat","Type":"ask","Price":0.02300000,"Amount":6855530.90000000,"Done":false},{"Time":"2019-03-26T09:59:00","Situation":"flat","Type":"ask","Price":0.02300000,"Amount":6855530.90000000,"Done":false},{"Time":"2019-03-26T09:59:20","Situation":"flat","Type":"ask","Price":0.02300000,"Amount":6855530.90000000,"Done":false},{"Time":"2019-03-26T10:04:00","Situation":"flat","Type":"ask","Price":0.02300000,"Amount":6805865.10000000,"Done":false},{"Time":"2019-03-26T10:04:20","Situation":"flat","Type":"ask","Price":0.02300000,"Amount":6805865.10000000,"Done":false},{"Time":"2019-03-26T10:08:26","Situation":"trend","Type":"ask","Price":0.02300000,"Amount":6805865.10000000,"Done":false},{"Time":"2019-03-26T10:08:26","Situation":"trend","Type":"ask","Price":0.02300000,"Amount":6805865.10000000,"Done":false},{"Time":"2019-03-26T10:10:54","Situation":"trend","Type":"ask","Price":0.02300000,"Amount":6805865.10000000,"Done":false},{"Time":"2019-03-26T10:10:54","Situation":"trend","Type":"ask","Price":0.02300000,"Amount":6805865.10000000,"Done":false},{"Time":"2019-03-26T10:15:32","Situation":"trend","Type":"ask","Price":0.02300000,"Amount":6805865.10000000,"Done":false},{"Time":"2019-03-26T10:15:35","Situation":"trend","Type":"ask","Price":0.02300000,"Amount":6805865.10000000,"Done":false},{"Time":"2019-03-26T10:20:33","Situation":"flat","Type":"ask","Price":0.02300000,"Amount":6805865.10000000,"Done":false},{"Time":"2019-03-26T10:20:39","Situation":"flat","Type":"ask","Price":0.02300000,"Amount":6805865.10000000,"Done":false},{"Time":"2019-03-26T10:25:37","Situation":"flat","Type":"ask","Price":0.02300000,"Amount":6805865.10000000,"Done":false},{"Time":"2019-03-26T10:25:42","Situation":"flat","Type":"ask","Price":0.02300000,"Amount":6805865.10000000,"Done":false},{"Time":"2019-03-26T10:30:41","Situation":"flat","Type":"ask","Price":0.02300000,"Amount":6805865.10000000,"Done":false},{"Time":"2019-03-26T10:30:46","Situation":"flat","Type":"ask","Price":0.02300000,"Amount":6805865.10000000,"Done":false},{"Time":"2019-03-26T10:35:43","Situation":"flat","Type":"ask","Price":0.02300000,"Amount":6805865.10000000,"Done":false},{"Time":"2019-03-26T10:35:49","Situation":"flat","Type":"ask","Price":0.02300000,"Amount":6805865.10000000,"Done":false},{"Time":"2019-03-26T10:40:45","Situation":"flat","Type":"ask","Price":0.02300000,"Amount":6805865.10000000,"Done":false},{"Time":"2019-03-26T10:40:50","Situation":"flat","Type":"ask","Price":0.02300000,"Amount":6805865.10000000,"Done":false},{"Time":"2019-03-26T10:45:46","Situation":"flat","Type":"ask","Price":0.02300000,"Amount":6805865.10000000,"Done":false},{"Time":"2019-03-26T10:45:51","Situation":"flat","Type":"ask","Price":0.02300000,"Amount":6805865.10000000,"Done":false},{"Time":"2019-03-26T10:50:49","Situation":"flat","Type":"ask","Price":0.02300000,"Amount":6805865.10000000,"Done":false},{"Time":"2019-03-26T10:50:53","Situation":"flat","Type":"ask","Price":0.02300000,"Amount":6805865.10000000,"Done":false},{"Time":"2019-03-26T10:51:35","Situation":"trend","Type":"ask","Price":0.02300000,"Amount":6805865.10000000,"Done":false},{"Time":"2019-03-26T10:51:35","Situation":"trend","Type":"ask","Price":0.02300000,"Amount":6805865.10000000,"Done":false},{"Time":"2019-03-26T10:56:39","Situation":"flat","Type":"ask","Price":0.02300000,"Amount":6805865.10000000,"Done":false},{"Time":"2019-03-26T10:56:39","Situation":"flat","Type":"ask","Price":0.02300000,"Amount":6805865.10000000,"Done":false},{"Time":"2019-03-26T11:01:39","Situation":"flat","Type":"ask","Price":0.02300000,"Amount":6805865.10000000,"Done":false},{"Time":"2019-03-26T11:01:40","Situation":"flat","Type":"ask","Price":0.02300000,"Amount":6805865.10000000,"Done":false},{"Time":"2019-03-26T11:06:40","Situation":"flat","Type":"ask","Price":0.02300000,"Amount":6805865.10000000,"Done":false},{"Time":"2019-03-26T11:06:40","Situation":"flat","Type":"ask","Price":0.02300000,"Amount":6805865.10000000,"Done":false},{"Time":"2019-03-26T11:11:41","Situation":"flat","Type":"ask","Price":0.02300000,"Amount":6805865.10000000,"Done":false},{"Time":"2019-03-26T11:11:42","Situation":"flat","Type":"ask","Price":0.02300000,"Amount":6805865.10000000,"Done":false},{"Time":"2019-03-26T11:16:41","Situation":"flat","Type":"ask","Price":0.02300000,"Amount":6805865.10000000,"Done":false},{"Time":"2019-03-26T11:16:46","Situation":"flat","Type":"ask","Price":0.02300000,"Amount":6805865.10000000,"Done":false},{"Time":"2019-03-26T11:21:45","Situation":"flat","Type":"ask","Price":0.02300000,"Amount":6805865.10000000,"Done":false},{"Time":"2019-03-26T11:21:50","Situation":"flat","Type":"ask","Price":0.02300000,"Amount":6805865.10000000,"Done":false},{"Time":"2019-03-26T11:26:49","Situation":"flat","Type":"ask","Price":0.02300000,"Amount":6805865.10000000,"Done":false},{"Time":"2019-03-26T11:26:54","Situation":"flat","Type":"ask","Price":0.02300000,"Amount":6805865.10000000,"Done":false},{"Time":"2019-03-26T11:31:51","Situation":"flat","Type":"ask","Price":0.02300000,"Amount":6805865.10000000,"Done":false},{"Time":"2019-03-26T11:31:57","Situation":"flat","Type":"ask","Price":0.02300000,"Amount":6805865.10000000,"Done":false},{"Time":"2019-03-26T11:36:55","Situation":"flat","Type":"ask","Price":0.02300000,"Amount":6807553.40000000,"Done":false},{"Time":"2019-03-26T11:37:00","Situation":"flat","Type":"ask","Price":0.02300000,"Amount":6807553.40000000,"Done":false},{"Time":"2019-03-26T11:41:56","Situation":"flat","Type":"ask","Price":0.02300000,"Amount":6807553.40000000,"Done":false},{"Time":"2019-03-26T11:42:04","Situation":"flat","Type":"ask","Price":0.02300000,"Amount":6807553.40000000,"Done":false},{"Time":"2019-03-26T11:47:00","Situation":"flat","Type":"ask","Price":0.02300000,"Amount":6807553.40000000,"Done":false},{"Time":"2019-03-26T11:47:07","Situation":"flat","Type":"ask","Price":0.02300000,"Amount":6807553.40000000,"Done":false},{"Time":"2019-03-26T11:52:04","Situation":"flat","Type":"ask","Price":0.02300000,"Amount":6807553.40000000,"Done":false},{"Time":"2019-03-26T11:52:09","Situation":"flat","Type":"ask","Price":0.02300000,"Amount":6807553.40000000,"Done":false},{"Time":"2019-03-26T11:57:05","Situation":"flat","Type":"ask","Price":0.02300000,"Amount":6807553.40000000,"Done":false},{"Time":"2019-03-26T11:57:10","Situation":"flat","Type":"ask","Price":0.02300000,"Amount":6807553.40000000,"Done":false},{"Time":"2019-03-26T12:02:06","Situation":"flat","Type":"ask","Price":0.02300000,"Amount":6807553.40000000,"Done":false},{"Time":"2019-03-26T12:02:12","Situation":"flat","Type":"ask","Price":0.02300000,"Amount":6807553.40000000,"Done":false},{"Time":"2019-03-26T12:07:06","Situation":"flat","Type":"ask","Price":0.02300000,"Amount":6944580.90000000,"Done":false},{"Time":"2019-03-26T12:07:16","Situation":"flat","Type":"ask","Price":0.02300000,"Amount":6944580.90000000,"Done":false},{"Time":"2019-03-26T12:12:09","Situation":"flat","Type":"ask","Price":0.02300000,"Amount":6933248.60000000,"Done":false},{"Time":"2019-03-26T12:12:19","Situation":"flat","Type":"ask","Price":0.02300000,"Amount":6933248.60000000,"Done":false},{"Time":"2019-03-26T12:16:20","Situation":"trend","Type":"ask","Price":0.02300000,"Amount":6933248.60000000,"Done":false},{"Time":"2019-03-26T12:16:21","Situation":"trend","Type":"ask","Price":0.02300000,"Amount":6933248.60000000,"Done":false},{"Time":"2019-03-26T12:21:24","Situation":"flat","Type":"ask","Price":0.02300000,"Amount":6933248.60000000,"Done":false},{"Time":"2019-03-26T12:21:24","Situation":"flat","Type":"ask","Price":0.02300000,"Amount":6933248.60000000,"Done":false},{"Time":"2019-03-26T12:26:24","Situation":"flat","Type":"ask","Price":0.02300000,"Amount":6933248.60000000,"Done":false},{"Time":"2019-03-26T12:26:24","Situation":"flat","Type":"ask","Price":0.02300000,"Amount":6933248.60000000,"Done":false},{"Time":"2019-03-26T12:31:24","Situation":"flat","Type":"ask","Price":0.02300000,"Amount":6933248.60000000,"Done":false},{"Time":"2019-03-26T12:31:24","Situation":"flat","Type":"ask","Price":0.02300000,"Amount":6933248.60000000,"Done":false},{"Time":"2019-03-26T12:36:25","Situation":"flat","Type":"ask","Price":0.02300000,"Amount":6933248.60000000,"Done":false},{"Time":"2019-03-26T12:36:25","Situation":"flat","Type":"ask","Price":0.02300000,"Amount":6933248.60000000,"Done":false},{"Time":"2019-03-26T12:38:32","Situation":"trend","Type":"ask","Price":0.02300000,"Amount":6933248.60000000,"Done":false},{"Time":"2019-03-26T12:38:37","Situation":"trend","Type":"ask","Price":0.02300000,"Amount":6933248.60000000,"Done":false},{"Time":"2019-03-26T12:43:35","Situation":"flat","Type":"ask","Price":0.02300000,"Amount":6933248.60000000,"Done":false},{"Time":"2019-03-26T12:43:40","Situation":"flat","Type":"ask","Price":0.02300000,"Amount":6933248.60000000,"Done":false},{"Time":"2019-03-26T12:48:11","Situation":"trend","Type":"ask","Price":0.02300000,"Amount":6933248.60000000,"Done":false},{"Time":"2019-03-26T12:48:11","Situation":"trend","Type":"ask","Price":0.02300000,"Amount":6933248.60000000,"Done":false},{"Time":"2019-03-26T12:53:15","Situation":"flat","Type":"ask","Price":0.02300000,"Amount":6933248.60000000,"Done":false},{"Time":"2019-03-26T12:53:15","Situation":"flat","Type":"ask","Price":0.02300000,"Amount":6933248.60000000,"Done":false},{"Time":"2019-03-26T12:54:21","Situation":"trend","Type":"ask","Price":0.02300000,"Amount":6933248.60000000,"Done":false},{"Time":"2019-03-26T12:54:21","Situation":"trend","Type":"ask","Price":0.02300000,"Amount":6933248.60000000,"Done":false},{"Time":"2019-03-26T12:59:24","Situation":"flat","Type":"ask","Price":0.02300000,"Amount":6932288.70000000,"Done":false},{"Time":"2019-03-26T12:59:24","Situation":"flat","Type":"ask","Price":0.02300000,"Amount":6932288.70000000,"Done":false},{"Time":"2019-03-26T13:04:24","Situation":"flat","Type":"ask","Price":0.02300000,"Amount":6932288.70000000,"Done":false},{"Time":"2019-03-26T13:04:25","Situation":"flat","Type":"ask","Price":0.02300000,"Amount":6932288.70000000,"Done":false},{"Time":"2019-03-26T13:07:51","Situation":"trend","Type":"ask","Price":0.02300000,"Amount":6932288.70000000,"Done":false},{"Time":"2019-03-26T13:07:51","Situation":"trend","Type":"ask","Price":0.02300000,"Amount":6932288.70000000,"Done":false},{"Time":"2019-03-26T13:12:54","Situation":"flat","Type":"ask","Price":0.02300000,"Amount":6932288.70000000,"Done":false},{"Time":"2019-03-26T13:12:55","Situation":"flat","Type":"ask","Price":0.02300000,"Amount":6932288.70000000,"Done":false},{"Time":"2019-03-26T13:17:58","Situation":"flat","Type":"ask","Price":0.02300000,"Amount":6932288.70000000,"Done":false},{"Time":"2019-03-26T13:17:58","Situation":"flat","Type":"ask","Price":0.02300000,"Amount":6932288.70000000,"Done":false},{"Time":"2019-03-26T13:22:58","Situation":"flat","Type":"ask","Price":0.02300000,"Amount":6932288.70000000,"Done":false},{"Time":"2019-03-26T13:23:04","Situation":"flat","Type":"ask","Price":0.02300000,"Amount":6932288.70000000,"Done":false},{"Time":"2019-03-26T13:27:58","Situation":"flat","Type":"ask","Price":0.02300000,"Amount":6932288.70000000,"Done":false},{"Time":"2019-03-26T13:28:05","Situation":"flat","Type":"ask","Price":0.02300000,"Amount":6932288.70000000,"Done":false},{"Time":"2019-03-26T13:33:00","Situation":"flat","Type":"ask","Price":0.02300000,"Amount":6932288.70000000,"Done":false},{"Time":"2019-03-26T13:33:08","Situation":"flat","Type":"ask","Price":0.02300000,"Amount":6932288.70000000,"Done":false},{"Time":"2019-03-26T13:35:55","Situation":"trend","Type":"ask","Price":0.02300000,"Amount":6932288.70000000,"Done":false},{"Time":"2019-03-26T13:35:55","Situation":"trend","Type":"ask","Price":0.02300000,"Amount":6932288.70000000,"Done":false},{"Time":"2019-03-26T13:40:55","Situation":"flat","Type":"ask","Price":0.02300000,"Amount":6932288.70000000,"Done":false},{"Time":"2019-03-26T13:40:56","Situation":"flat","Type":"ask","Price":0.02300000,"Amount":6932288.70000000,"Done":false},{"Time":"2019-03-26T13:45:56","Situation":"flat","Type":"ask","Price":0.02300000,"Amount":6932288.70000000,"Done":false},{"Time":"2019-03-26T13:45:56","Situation":"flat","Type":"ask","Price":0.02300000,"Amount":6932288.70000000,"Done":false},{"Time":"2019-03-26T13:50:56","Situation":"flat","Type":"ask","Price":0.02300000,"Amount":6932288.70000000,"Done":false},{"Time":"2019-03-26T13:50:56","Situation":"flat","Type":"ask","Price":0.02300000,"Amount":6932288.70000000,"Done":false},{"Time":"2019-03-26T13:55:59","Situation":"flat","Type":"ask","Price":0.02300000,"Amount":6932288.70000000,"Done":false},{"Time":"2019-03-26T13:56:00","Situation":"flat","Type":"ask","Price":0.02300000,"Amount":6932288.70000000,"Done":false},{"Time":"2019-03-26T14:00:59","Situation":"flat","Type":"ask","Price":0.02300000,"Amount":6932288.70000000,"Done":false},{"Time":"2019-03-26T14:01:06","Situation":"flat","Type":"ask","Price":0.02300000,"Amount":6932288.70000000,"Done":false},{"Time":"2019-03-26T14:04:50","Situation":"trend","Type":"ask","Price":0.02300000,"Amount":6932288.70000000,"Done":false},{"Time":"2019-03-26T14:04:51","Situation":"trend","Type":"ask","Price":0.02300000,"Amount":6932288.70000000,"Done":false},{"Time":"2019-03-26T14:08:09","Situation":"trend","Type":"ask","Price":0.02300000,"Amount":6848078.40000000,"Done":false},{"Time":"2019-03-26T14:08:09","Situation":"trend","Type":"ask","Price":0.02300000,"Amount":6848078.40000000,"Done":false},{"Time":"2019-03-26T14:13:10","Situation":"flat","Type":"ask","Price":0.02300000,"Amount":6848078.40000000,"Done":false},{"Time":"2019-03-26T14:13:10","Situation":"flat","Type":"ask","Price":0.02300000,"Amount":6848078.40000000,"Done":false},{"Time":"2019-03-26T14:18:14","Situation":"flat","Type":"ask","Price":0.02300000,"Amount":6848078.40000000,"Done":false},{"Time":"2019-03-26T14:18:14","Situation":"flat","Type":"ask","Price":0.02300000,"Amount":6848078.40000000,"Done":false},{"Time":"2019-03-26T14:23:17","Situation":"flat","Type":"ask","Price":0.02300000,"Amount":6848078.40000000,"Done":false},{"Time":"2019-03-26T14:23:17","Situation":"flat","Type":"ask","Price":0.02300000,"Amount":6848078.40000000,"Done":false},{"Time":"2019-03-26T14:28:19","Situation":"flat","Type":"ask","Price":0.02300000,"Amount":6848078.40000000,"Done":false},{"Time":"2019-03-26T14:28:20","Situation":"flat","Type":"ask","Price":0.02300000,"Amount":6848078.40000000,"Done":false},{"Time":"2019-03-26T14:33:19","Situation":"flat","Type":"ask","Price":0.02300000,"Amount":6848078.40000000,"Done":false},{"Time":"2019-03-26T14:33:24","Situation":"flat","Type":"ask","Price":0.02300000,"Amount":6848078.40000000,"Done":false},{"Time":"2019-03-26T14:38:20","Situation":"flat","Type":"ask","Price":0.02300000,"Amount":6848078.40000000,"Done":false},{"Time":"2019-03-26T14:38:26","Situation":"flat","Type":"ask","Price":0.02300000,"Amount":6848078.40000000,"Done":false},{"Time":"2019-03-26T14:43:20","Situation":"flat","Type":"ask","Price":0.02300000,"Amount":6848078.40000000,"Done":false},{"Time":"2019-03-26T14:43:30","Situation":"flat","Type":"ask","Price":0.02300000,"Amount":6848078.40000000,"Done":false},{"Time":"2019-03-26T14:48:20","Situation":"flat","Type":"ask","Price":0.02300000,"Amount":6848078.40000000,"Done":false},{"Time":"2019-03-26T14:48:30","Situation":"flat","Type":"ask","Price":0.02300000,"Amount":6848078.40000000,"Done":false},{"Time":"2019-03-26T14:53:23","Situation":"flat","Type":"ask","Price":0.02300000,"Amount":6914660.80000000,"Done":false},{"Time":"2019-03-26T14:53:33","Situation":"flat","Type":"ask","Price":0.02300000,"Amount":6914660.80000000,"Done":false},{"Time":"2019-03-26T14:58:24","Situation":"flat","Type":"ask","Price":0.02300000,"Amount":6914660.80000000,"Done":false},{"Time":"2019-03-26T14:58:34","Situation":"flat","Type":"ask","Price":0.02300000,"Amount":6914660.80000000,"Done":false},{"Time":"2019-03-26T15:03:27","Situation":"flat","Type":"ask","Price":0.02300000,"Amount":6914660.80000000,"Done":false},{"Time":"2019-03-26T15:03:37","Situation":"flat","Type":"ask","Price":0.02300000,"Amount":6914660.80000000,"Done":false},{"Time":"2019-03-26T15:08:31","Situation":"flat","Type":"ask","Price":0.02300000,"Amount":6914660.80000000,"Done":false},{"Time":"2019-03-26T15:08:41","Situation":"flat","Type":"ask","Price":0.02300000,"Amount":6914660.80000000,"Done":false},{"Time":"2019-03-26T15:13:35","Situation":"flat","Type":"ask","Price":0.02300000,"Amount":6914660.80000000,"Done":false},{"Time":"2019-03-26T15:13:45","Situation":"flat","Type":"ask","Price":0.02300000,"Amount":6914660.80000000,"Done":false},{"Time":"2019-03-26T15:18:35","Situation":"flat","Type":"ask","Price":0.02300000,"Amount":6914660.80000000,"Done":false},{"Time":"2019-03-26T15:18:45","Situation":"flat","Type":"ask","Price":0.02300000,"Amount":6914660.80000000,"Done":false},{"Time":"2019-03-26T15:23:35","Situation":"flat","Type":"ask","Price":0.02300000,"Amount":6915410.80000000,"Done":false},{"Time":"2019-03-26T15:23:45","Situation":"flat","Type":"ask","Price":0.02300000,"Amount":6915410.80000000,"Done":false},{"Time":"2019-03-26T15:28:35","Situation":"flat","Type":"ask","Price":0.02300000,"Amount":6915410.80000000,"Done":false},{"Time":"2019-03-26T15:28:45","Situation":"flat","Type":"ask","Price":0.02300000,"Amount":6915410.80000000,"Done":false},{"Time":"2019-03-26T15:33:37","Situation":"flat","Type":"ask","Price":0.02300000,"Amount":6915410.80000000,"Done":false},{"Time":"2019-03-26T15:33:47","Situation":"flat","Type":"ask","Price":0.02300000,"Amount":6915410.80000000,"Done":false},{"Time":"2019-03-26T15:38:41","Situation":"flat","Type":"ask","Price":0.02300000,"Amount":6915410.80000000,"Done":false},{"Time":"2019-03-26T15:38:51","Situation":"flat","Type":"ask","Price":0.02300000,"Amount":6915410.80000000,"Done":false},{"Time":"2019-03-26T15:43:45","Situation":"flat","Type":"ask","Price":0.02300000,"Amount":6915410.80000000,"Done":false},{"Time":"2019-03-26T15:43:55","Situation":"flat","Type":"ask","Price":0.02300000,"Amount":6915410.80000000,"Done":false},{"Time":"2019-03-26T15:48:49","Situation":"flat","Type":"ask","Price":0.02300000,"Amount":6915410.80000000,"Done":false},{"Time":"2019-03-26T15:48:59","Situation":"flat","Type":"ask","Price":0.02300000,"Amount":6915410.80000000,"Done":false},{"Time":"2019-03-26T15:53:52","Situation":"flat","Type":"ask","Price":0.02300000,"Amount":6915410.80000000,"Done":false},{"Time":"2019-03-26T15:54:05","Situation":"flat","Type":"ask","Price":0.02300000,"Amount":6915410.80000000,"Done":false},{"Time":"2019-03-26T15:58:54","Situation":"flat","Type":"ask","Price":0.02300000,"Amount":6925210.80000000,"Done":false},{"Time":"2019-03-26T15:59:06","Situation":"flat","Type":"ask","Price":0.02300000,"Amount":6925210.80000000,"Done":false},{"Time":"2019-03-26T16:03:57","Situation":"flat","Type":"ask","Price":0.02300000,"Amount":7013401.50000000,"Done":false},{"Time":"2019-03-26T16:04:09","Situation":"flat","Type":"ask","Price":0.02300000,"Amount":7013401.50000000,"Done":false},{"Time":"2019-03-26T16:09:04","Situation":"flat","Type":"ask","Price":0.02300000,"Amount":7013401.50000000,"Done":false},{"Time":"2019-03-26T16:09:10","Situation":"flat","Type":"ask","Price":0.02300000,"Amount":7013401.50000000,"Done":false},{"Time":"2019-03-26T16:14:04","Situation":"flat","Type":"ask","Price":0.02300000,"Amount":7025070.50000000,"Done":false},{"Time":"2019-03-26T16:14:14","Situation":"flat","Type":"ask","Price":0.02300000,"Amount":7025070.50000000,"Done":false},{"Time":"2019-03-26T16:19:07","Situation":"flat","Type":"ask","Price":0.02300000,"Amount":7025070.50000000,"Done":false},{"Time":"2019-03-26T16:19:18","Situation":"flat","Type":"ask","Price":0.02300000,"Amount":7025070.50000000,"Done":false},{"Time":"2019-03-26T16:24:10","Situation":"flat","Type":"ask","Price":0.02300000,"Amount":7007431.90000000,"Done":false},{"Time":"2019-03-26T16:24:20","Situation":"flat","Type":"ask","Price":0.02300000,"Amount":7007431.90000000,"Done":false},{"Time":"2019-03-26T16:29:10","Situation":"flat","Type":"ask","Price":0.02300000,"Amount":7007431.90000000,"Done":false},{"Time":"2019-03-26T16:29:20","Situation":"flat","Type":"ask","Price":0.02300000,"Amount":7007431.90000000,"Done":false},{"Time":"2019-03-26T16:34:11","Situation":"flat","Type":"ask","Price":0.02300000,"Amount":7008723.70000000,"Done":false},{"Time":"2019-03-26T16:34:21","Situation":"flat","Type":"ask","Price":0.02300000,"Amount":7008723.70000000,"Done":false},{"Time":"2019-03-26T16:39:15","Situation":"flat","Type":"ask","Price":0.02300000,"Amount":7008723.70000000,"Done":false},{"Time":"2019-03-26T16:39:24","Situation":"flat","Type":"ask","Price":0.02300000,"Amount":7008723.70000000,"Done":false},{"Time":"2019-03-26T16:44:15","Situation":"flat","Type":"ask","Price":0.02300000,"Amount":7008723.70000000,"Done":false},{"Time":"2019-03-26T16:44:25","Situation":"flat","Type":"ask","Price":0.02300000,"Amount":7008723.70000000,"Done":false},{"Time":"2019-03-26T16:49:16","Situation":"flat","Type":"ask","Price":0.02300000,"Amount":7285508.80000000,"Done":false},{"Time":"2019-03-26T16:49:26","Situation":"flat","Type":"ask","Price":0.02300000,"Amount":7285508.80000000,"Done":false}],"OrderBookBids":[],"TradeHistory":[{"Time":"2019-03-26T00:24:13","Situation":"flat","Id":"8690135","Type":"market","Side":"buy","OrderTime":"2019-03-26T00:20:01","Price":0.02270000,"Amount":560562.30000000},{"Time":"2019-03-26T01:46:51","Situation":"flat","Id":"8690682","Type":"market","Side":"buy","OrderTime":"2019-03-26T01:45:46","Price":0.02250000,"Amount":306959.50000000},{"Time":"2019-03-26T01:55:39","Situation":"trend","Id":"8690770","Type":"market","Side":"buy","OrderTime":"2019-03-26T01:55:06","Price":0.02254000,"Amount":339999.70000000},{"Time":"2019-03-26T01:55:39","Situation":"trend","Id":"8690772","Type":"market","Side":"sell","OrderTime":"2019-03-26T01:55:06","Price":0.02256000,"Amount":329016.90000000},{"Time":"2019-03-26T01:55:39","Situation":"trend","Id":"8690773","Type":"market","Side":"sell","OrderTime":"2019-03-26T01:55:06","Price":0.02256000,"Amount":652192.50000000},{"Time":"2019-03-26T02:25:50","Situation":"flat","Id":"8690926","Type":"market","Side":"buy","OrderTime":"2019-03-26T02:21:12","Price":0.02261000,"Amount":310672.70000000},{"Time":"2019-03-26T03:51:19","Situation":"flat","Id":"8691314","Type":"market","Side":"buy","OrderTime":"2019-03-26T03:48:43","Price":0.02254000,"Amount":498006.20000000},{"Time":"2019-03-26T04:41:26","Situation":"flat","Id":"8691637","Type":"market","Side":"sell","OrderTime":"2019-03-26T04:37:22","Price":0.02250000,"Amount":416347.00000000},{"Time":"2019-03-26T05:46:51","Situation":"flat","Id":"8691857","Type":"market","Side":"buy","OrderTime":"2019-03-26T05:44:42","Price":0.02258000,"Amount":528615.10000000},{"Time":"2019-03-26T05:46:51","Situation":"flat","Id":"8691858","Type":"market","Side":"buy","OrderTime":"2019-03-26T05:44:42","Price":0.02259000,"Amount":339411.90000000},{"Time":"2019-03-26T05:56:51","Situation":"flat","Id":"8691886","Type":"market","Side":"sell","OrderTime":"2019-03-26T05:54:15","Price":0.02255000,"Amount":343206.30000000},{"Time":"2019-03-26T07:15:26","Situation":"flat","Id":"8692343","Type":"market","Side":"buy","OrderTime":"2019-03-26T07:15:07","Price":0.02237000,"Amount":308516.70000000},{"Time":"2019-03-26T10:10:54","Situation":"trend","Id":"8693313","Type":"market","Side":"buy","OrderTime":"2019-03-26T10:08:37","Price":0.02225000,"Amount":381031.20000000},{"Time":"2019-03-26T10:10:54","Situation":"trend","Id":"8693347","Type":"market","Side":"buy","OrderTime":"2019-03-26T10:08:54","Price":0.02227000,"Amount":391365.60000000},{"Time":"2019-03-26T10:15:32","Situation":"trend","Id":"8693473","Type":"market","Side":"buy","OrderTime":"2019-03-26T10:11:06","Price":0.02219000,"Amount":336980.40000000},{"Time":"2019-03-26T10:15:32","Situation":"trend","Id":"8693512","Type":"market","Side":"sell","OrderTime":"2019-03-26T10:13:05","Price":0.02213000,"Amount":347664.70000000},{"Time":"2019-03-26T10:15:32","Situation":"trend","Id":"8693548","Type":"market","Side":"buy","OrderTime":"2019-03-26T10:13:58","Price":0.02215000,"Amount":403215.30000000},{"Time":"2019-03-26T11:36:55","Situation":"flat","Id":"8694155","Type":"market","Side":"buy","OrderTime":"2019-03-26T11:33:40","Price":0.02216000,"Amount":446211.20000000},{"Time":"2019-03-26T11:36:55","Situation":"flat","Id":"8694212","Type":"market","Side":"sell","OrderTime":"2019-03-26T11:34:35","Price":0.02221000,"Amount":337555.60000000},{"Time":"2019-03-26T12:21:24","Situation":"flat","Id":"8694506","Type":"market","Side":"buy","OrderTime":"2019-03-26T12:21:07","Price":0.02214000,"Amount":526284.00000000},{"Time":"2019-03-26T12:38:32","Situation":"trend","Id":"8694645","Type":"market","Side":"sell","OrderTime":"2019-03-26T12:38:09","Price":0.02210000,"Amount":405707.20000000},{"Time":"2019-03-26T12:38:32","Situation":"trend","Id":"8694646","Type":"market","Side":"sell","OrderTime":"2019-03-26T12:38:09","Price":0.02209000,"Amount":322895.80000000},{"Time":"2019-03-26T12:38:32","Situation":"trend","Id":"8694647","Type":"market","Side":"sell","OrderTime":"2019-03-26T12:38:09","Price":0.02208000,"Amount":303205.00000000},{"Time":"2019-03-26T12:38:32","Situation":"trend","Id":"8694650","Type":"market","Side":"sell","OrderTime":"2019-03-26T12:38:09","Price":0.02205000,"Amount":443970.60000000},{"Time":"2019-03-26T12:38:32","Situation":"trend","Id":"8694651","Type":"market","Side":"sell","OrderTime":"2019-03-26T12:38:09","Price":0.02204000,"Amount":662007.00000000},{"Time":"2019-03-26T12:38:32","Situation":"trend","Id":"8694655","Type":"market","Side":"sell","OrderTime":"2019-03-26T12:38:09","Price":0.02200000,"Amount":860662.00000000},{"Time":"2019-03-26T12:38:32","Situation":"trend","Id":"8694660","Type":"market","Side":"sell","OrderTime":"2019-03-26T12:38:09","Price":0.02200000,"Amount":406975.40000000},{"Time":"2019-03-26T12:38:32","Situation":"trend","Id":"8694669","Type":"market","Side":"buy","OrderTime":"2019-03-26T12:38:09","Price":0.02200000,"Amount":814753.30000000},{"Time":"2019-03-26T12:38:32","Situation":"trend","Id":"8694670","Type":"market","Side":"buy","OrderTime":"2019-03-26T12:38:09","Price":0.02201000,"Amount":378918.60000000},{"Time":"2019-03-26T12:38:32","Situation":"trend","Id":"8694671","Type":"market","Side":"buy","OrderTime":"2019-03-26T12:38:09","Price":0.02201000,"Amount":412797.10000000},{"Time":"2019-03-26T12:38:32","Situation":"trend","Id":"8694673","Type":"market","Side":"buy","OrderTime":"2019-03-26T12:38:09","Price":0.02201000,"Amount":401368.20000000},{"Time":"2019-03-26T12:48:11","Situation":"trend","Id":"8694897","Type":"market","Side":"sell","OrderTime":"2019-03-26T12:47:29","Price":0.02194000,"Amount":361629.60000000},{"Time":"2019-03-26T12:48:11","Situation":"trend","Id":"8694898","Type":"market","Side":"sell","OrderTime":"2019-03-26T12:47:29","Price":0.02193000,"Amount":301510.10000000},{"Time":"2019-03-26T12:48:11","Situation":"trend","Id":"8694912","Type":"market","Side":"buy","OrderTime":"2019-03-26T12:47:54","Price":0.02198000,"Amount":319515.70000000},{"Time":"2019-03-26T12:48:11","Situation":"trend","Id":"8694913","Type":"market","Side":"buy","OrderTime":"2019-03-26T12:47:54","Price":0.02199000,"Amount":401493.00000000},{"Time":"2019-03-26T12:59:24","Situation":"flat","Id":"8695114","Type":"market","Side":"sell","OrderTime":"2019-03-26T12:58:31","Price":0.02191000,"Amount":311872.30000000},{"Time":"2019-03-26T12:59:24","Situation":"flat","Id":"8695115","Type":"market","Side":"sell","OrderTime":"2019-03-26T12:58:31","Price":0.02190000,"Amount":455502.90000000},{"Time":"2019-03-26T13:04:24","Situation":"flat","Id":"8695188","Type":"market","Side":"sell","OrderTime":"2019-03-26T13:02:16","Price":0.02195000,"Amount":307987.00000000},{"Time":"2019-03-26T13:04:24","Situation":"flat","Id":"8695189","Type":"market","Side":"buy","OrderTime":"2019-03-26T13:02:16","Price":0.02195000,"Amount":543305.20000000},{"Time":"2019-03-26T13:07:51","Situation":"trend","Id":"8695233","Type":"market","Side":"buy","OrderTime":"2019-03-26T13:06:25","Price":0.02199000,"Amount":321777.70000000},{"Time":"2019-03-26T13:12:54","Situation":"flat","Id":"8695283","Type":"market","Side":"sell","OrderTime":"2019-03-26T13:09:13","Price":0.02203000,"Amount":500000.00000000},{"Time":"2019-03-26T14:00:59","Situation":"flat","Id":"8695723","Type":"market","Side":"sell","OrderTime":"2019-03-26T13:59:20","Price":0.02193000,"Amount":447100.50000000},{"Time":"2019-03-26T14:00:59","Situation":"flat","Id":"8695725","Type":"market","Side":"sell","OrderTime":"2019-03-26T13:59:20","Price":0.02191000,"Amount":445422.10000000},{"Time":"2019-03-26T14:43:20","Situation":"flat","Id":"8696130","Type":"market","Side":"sell","OrderTime":"2019-03-26T14:42:27","Price":0.02216000,"Amount":1109412.20000000},{"Time":"2019-03-26T16:34:11","Situation":"flat","Id":"8696852","Type":"market","Side":"buy","OrderTime":"2019-03-26T16:30:32","Price":0.02216000,"Amount":369702.40000000},{"Time":"2019-03-26T17:54:49","Situation":"flat","Id":"8697186","Type":"market","Side":"buy","OrderTime":"2019-03-26T17:49:53","Price":0.02211000,"Amount":508589.50000000},{"Time":"2019-03-26T18:19:59","Situation":"flat","Id":"8697344","Type":"market","Side":"buy","OrderTime":"2019-03-26T18:17:14","Price":0.02208000,"Amount":308713.70000000},{"Time":"2019-03-26T18:30:00","Situation":"flat","Id":"8697367","Type":"market","Side":"buy","OrderTime":"2019-03-26T18:25:59","Price":0.02210000,"Amount":500000.00000000},{"Time":"2019-03-26T18:30:00","Situation":"flat","Id":"8697368","Type":"market","Side":"buy","OrderTime":"2019-03-26T18:26:04","Price":0.02210000,"Amount":326153.00000000},{"Time":"2019-03-26T19:40:36","Situation":"flat","Id":"8697699","Type":"market","Side":"buy","OrderTime":"2019-03-26T19:40:34","Price":0.02213000,"Amount":458910.90000000}],"TradeDelta":[{"TimeFrom":"2019-03-26T00:04:03","TimeTo":"2019-03-26T00:09:05","Situation":"flat","Value":0.00000000},{"TimeFrom":"2019-03-26T00:04:04","TimeTo":"2019-03-26T00:09:06","Situation":"flat","Value":0.00000000},{"TimeFrom":"2019-03-26T00:09:05","TimeTo":"2019-03-26T00:14:06","Situation":"flat","Value":0.00000000},{"TimeFrom":"2019-03-26T00:09:06","TimeTo":"2019-03-26T00:14:06","Situation":"flat","Value":0.00000000},{"TimeFrom":"2019-03-26T00:14:06","TimeTo":"2019-03-26T00:19:10","Situation":"flat","Value":0.00000000},{"TimeFrom":"2019-03-26T00:14:06","TimeTo":"2019-03-26T00:19:10","Situation":"flat","Value":0.00000000},{"TimeFrom":"2019-03-26T00:19:10","TimeTo":"2019-03-26T00:24:13","Situation":"flat","Value":560562.30000000},{"TimeFrom":"2019-03-26T00:19:10","TimeTo":"2019-03-26T00:24:13","Situation":"flat","Value":560562.30000000},{"TimeFrom":"2019-03-26T00:24:13","TimeTo":"2019-03-26T00:29:15","Situation":"flat","Value":0.00000000},{"TimeFrom":"2019-03-26T00:24:13","TimeTo":"2019-03-26T00:29:16","Situation":"flat","Value":0.00000000},{"TimeFrom":"2019-03-26T00:29:15","TimeTo":"2019-03-26T00:30:26","Situation":"trend","Value":0.00000000},{"TimeFrom":"2019-03-26T00:29:16","TimeTo":"2019-03-26T00:30:25","Situation":"trend","Value":0.00000000},{"TimeFrom":"2019-03-26T00:30:25","TimeTo":"2019-03-26T00:33:49","Situation":"trend","Value":0.00000000},{"TimeFrom":"2019-03-26T00:30:26","TimeTo":"2019-03-26T00:33:50","Situation":"trend","Value":0.00000000},{"TimeFrom":"2019-03-26T00:33:49","TimeTo":"2019-03-26T00:38:52","Situation":"flat","Value":0.00000000},{"TimeFrom":"2019-03-26T00:33:50","TimeTo":"2019-03-26T00:38:51","Situation":"flat","Value":0.00000000},{"TimeFrom":"2019-03-26T00:38:51","TimeTo":"2019-03-26T00:43:53","Situation":"flat","Value":0.00000000},{"TimeFrom":"2019-03-26T00:38:52","TimeTo":"2019-03-26T00:43:53","Situation":"flat","Value":0.00000000},{"TimeFrom":"2019-03-26T00:43:53","TimeTo":"2019-03-26T00:48:53","Situation":"flat","Value":0.00000000},{"TimeFrom":"2019-03-26T00:43:53","TimeTo":"2019-03-26T00:48:57","Situation":"flat","Value":0.00000000},{"TimeFrom":"2019-03-26T00:48:53","TimeTo":"2019-03-26T00:53:54","Situation":"flat","Value":0.00000000},{"TimeFrom":"2019-03-26T00:48:57","TimeTo":"2019-03-26T00:53:59","Situation":"flat","Value":0.00000000},{"TimeFrom":"2019-03-26T00:53:54","TimeTo":"2019-03-26T00:58:57","Situation":"flat","Value":0.00000000},{"TimeFrom":"2019-03-26T00:53:59","TimeTo":"2019-03-26T00:58:59","Situation":"flat","Value":0.00000000},{"TimeFrom":"2019-03-26T00:58:57","TimeTo":"2019-03-26T01:04:00","Situation":"flat","Value":0.00000000},{"TimeFrom":"2019-03-26T00:58:59","TimeTo":"2019-03-26T01:04:00","Situation":"flat","Value":0.00000000},{"TimeFrom":"2019-03-26T01:04:00","TimeTo":"2019-03-26T01:09:03","Situation":"flat","Value":0.00000000},{"TimeFrom":"2019-03-26T01:04:00","TimeTo":"2019-03-26T01:09:04","Situation":"flat","Value":0.00000000},{"TimeFrom":"2019-03-26T01:09:03","TimeTo":"2019-03-26T01:14:04","Situation":"flat","Value":0.00000000},{"TimeFrom":"2019-03-26T01:09:04","TimeTo":"2019-03-26T01:14:04","Situation":"flat","Value":0.00000000},{"TimeFrom":"2019-03-26T01:14:04","TimeTo":"2019-03-26T01:19:06","Situation":"flat","Value":0.00000000},{"TimeFrom":"2019-03-26T01:14:04","TimeTo":"2019-03-26T01:19:06","Situation":"flat","Value":0.00000000},{"TimeFrom":"2019-03-26T01:19:06","TimeTo":"2019-03-26T01:24:06","Situation":"flat","Value":0.00000000},{"TimeFrom":"2019-03-26T01:19:06","TimeTo":"2019-03-26T01:24:06","Situation":"flat","Value":0.00000000},{"TimeFrom":"2019-03-26T01:24:06","TimeTo":"2019-03-26T01:29:09","Situation":"flat","Value":0.00000000},{"TimeFrom":"2019-03-26T01:24:06","TimeTo":"2019-03-26T01:29:09","Situation":"flat","Value":0.00000000},{"TimeFrom":"2019-03-26T01:29:09","TimeTo":"2019-03-26T01:34:09","Situation":"flat","Value":0.00000000},{"TimeFrom":"2019-03-26T01:29:09","TimeTo":"2019-03-26T01:34:09","Situation":"flat","Value":0.00000000},{"TimeFrom":"2019-03-26T01:34:09","TimeTo":"2019-03-26T01:39:11","Situation":"flat","Value":0.00000000},{"TimeFrom":"2019-03-26T01:34:09","TimeTo":"2019-03-26T01:39:11","Situation":"flat","Value":0.00000000},{"TimeFrom":"2019-03-26T01:39:11","TimeTo":"2019-03-26T01:41:51","Situation":"trend","Value":0.00000000},{"TimeFrom":"2019-03-26T01:39:11","TimeTo":"2019-03-26T01:41:51","Situation":"trend","Value":0.00000000},{"TimeFrom":"2019-03-26T01:41:51","TimeTo":"2019-03-26T01:46:51","Situation":"flat","Value":306959.50000000},{"TimeFrom":"2019-03-26T01:41:51","TimeTo":"2019-03-26T01:46:52","Situation":"flat","Value":306959.50000000},{"TimeFrom":"2019-03-26T01:46:51","TimeTo":"2019-03-26T01:51:55","Situation":"flat","Value":0.00000000},{"TimeFrom":"2019-03-26T01:46:52","TimeTo":"2019-03-26T01:51:55","Situation":"flat","Value":0.00000000},{"TimeFrom":"2019-03-26T01:51:55","TimeTo":"2019-03-26T01:55:39","Situation":"trend","Value":-641209.70000000},{"TimeFrom":"2019-03-26T01:51:55","TimeTo":"2019-03-26T01:55:39","Situation":"trend","Value":-641209.70000000},{"TimeFrom":"2019-03-26T01:55:39","TimeTo":"2019-03-26T02:00:41","Situation":"flat","Value":0.00000000},{"TimeFrom":"2019-03-26T01:55:39","TimeTo":"2019-03-26T02:00:42","Situation":"flat","Value":0.00000000},{"TimeFrom":"2019-03-26T02:00:41","TimeTo":"2019-03-26T02:05:44","Situation":"flat","Value":0.00000000},{"TimeFrom":"2019-03-26T02:00:42","TimeTo":"2019-03-26T02:05:45","Situation":"flat","Value":0.00000000},{"TimeFrom":"2019-03-26T02:05:44","TimeTo":"2019-03-26T02:10:45","Situation":"flat","Value":0.00000000},{"TimeFrom":"2019-03-26T02:05:45","TimeTo":"2019-03-26T02:10:45","Situation":"flat","Value":0.00000000},{"TimeFrom":"2019-03-26T02:10:45","TimeTo":"2019-03-26T02:15:46","Situation":"flat","Value":0.00000000},{"TimeFrom":"2019-03-26T02:10:45","TimeTo":"2019-03-26T02:15:46","Situation":"flat","Value":0.00000000},{"TimeFrom":"2019-03-26T02:15:46","TimeTo":"2019-03-26T02:20:48","Situation":"flat","Value":0.00000000},{"TimeFrom":"2019-03-26T02:15:46","TimeTo":"2019-03-26T02:20:49","Situation":"flat","Value":0.00000000},{"TimeFrom":"2019-03-26T02:20:48","TimeTo":"2019-03-26T02:25:50","Situation":"flat","Value":310672.70000000},{"TimeFrom":"2019-03-26T02:20:49","TimeTo":"2019-03-26T02:25:50","Situation":"flat","Value":310672.70000000},{"TimeFrom":"2019-03-26T02:25:50","TimeTo":"2019-03-26T02:30:51","Situation":"flat","Value":0.00000000},{"TimeFrom":"2019-03-26T02:25:50","TimeTo":"2019-03-26T02:30:51","Situation":"flat","Value":0.00000000},{"TimeFrom":"2019-03-26T02:30:51","TimeTo":"2019-03-26T02:35:51","Situation":"flat","Value":0.00000000},{"TimeFrom":"2019-03-26T02:30:51","TimeTo":"2019-03-26T02:35:52","Situation":"flat","Value":0.00000000},{"TimeFrom":"2019-03-26T02:35:51","TimeTo":"2019-03-26T02:40:51","Situation":"flat","Value":0.00000000},{"TimeFrom":"2019-03-26T02:35:52","TimeTo":"2019-03-26T02:40:52","Situation":"flat","Value":0.00000000},{"TimeFrom":"2019-03-26T02:40:51","TimeTo":"2019-03-26T02:45:51","Situation":"flat","Value":0.00000000},{"TimeFrom":"2019-03-26T02:40:52","TimeTo":"2019-03-26T02:45:55","Situation":"flat","Value":0.00000000},{"TimeFrom":"2019-03-26T02:45:51","TimeTo":"2019-03-26T02:50:51","Situation":"flat","Value":0.00000000},{"TimeFrom":"2019-03-26T02:45:55","TimeTo":"2019-03-26T02:50:57","Situation":"flat","Value":0.00000000},{"TimeFrom":"2019-03-26T02:50:51","TimeTo":"2019-03-26T02:55:51","Situation":"flat","Value":0.00000000},{"TimeFrom":"2019-03-26T02:50:57","TimeTo":"2019-03-26T02:56:04","Situation":"flat","Value":0.00000000},{"TimeFrom":"2019-03-26T02:55:51","TimeTo":"2019-03-26T03:00:52","Situation":"flat","Value":0.00000000},{"TimeFrom":"2019-03-26T02:56:04","TimeTo":"2019-03-26T03:01:04","Situation":"flat","Value":0.00000000},{"TimeFrom":"2019-03-26T03:00:52","TimeTo":"2019-03-26T03:05:55","Situation":"flat","Value":0.00000000},{"TimeFrom":"2019-03-26T03:01:04","TimeTo":"2019-03-26T03:06:04","Situation":"flat","Value":0.00000000},{"TimeFrom":"2019-03-26T03:05:55","TimeTo":"2019-03-26T03:10:56","Situation":"flat","Value":0.00000000},{"TimeFrom":"2019-03-26T03:06:04","TimeTo":"2019-03-26T03:11:05","Situation":"flat","Value":0.00000000},{"TimeFrom":"2019-03-26T03:10:56","TimeTo":"2019-03-26T03:16:00","Situation":"flat","Value":0.00000000},{"TimeFrom":"2019-03-26T03:11:05","TimeTo":"2019-03-26T03:16:06","Situation":"flat","Value":0.00000000},{"TimeFrom":"2019-03-26T03:16:00","TimeTo":"2019-03-26T03:21:06","Situation":"flat","Value":0.00000000},{"TimeFrom":"2019-03-26T03:16:06","TimeTo":"2019-03-26T03:21:06","Situation":"flat","Value":0.00000000},{"TimeFrom":"2019-03-26T03:21:06","TimeTo":"2019-03-26T03:26:09","Situation":"flat","Value":0.00000000},{"TimeFrom":"2019-03-26T03:21:06","TimeTo":"2019-03-26T03:26:10","Situation":"flat","Value":0.00000000},{"TimeFrom":"2019-03-26T03:26:09","TimeTo":"2019-03-26T03:31:10","Situation":"flat","Value":0.00000000},{"TimeFrom":"2019-03-26T03:26:10","TimeTo":"2019-03-26T03:31:10","Situation":"flat","Value":0.00000000},{"TimeFrom":"2019-03-26T03:31:10","TimeTo":"2019-03-26T03:36:11","Situation":"flat","Value":0.00000000},{"TimeFrom":"2019-03-26T03:31:10","TimeTo":"2019-03-26T03:36:11","Situation":"flat","Value":0.00000000},{"TimeFrom":"2019-03-26T03:36:11","TimeTo":"2019-03-26T03:41:15","Situation":"flat","Value":0.00000000},{"TimeFrom":"2019-03-26T03:36:11","TimeTo":"2019-03-26T03:41:15","Situation":"flat","Value":0.00000000},{"TimeFrom":"2019-03-26T03:41:15","TimeTo":"2019-03-26T03:46:19","Situation":"flat","Value":0.00000000},{"TimeFrom":"2019-03-26T03:41:15","TimeTo":"2019-03-26T03:46:19","Situation":"flat","Value":0.00000000},{"TimeFrom":"2019-03-26T03:46:19","TimeTo":"2019-03-26T03:51:19","Situation":"flat","Value":498006.20000000},{"TimeFrom":"2019-03-26T03:46:19","TimeTo":"2019-03-26T03:51:19","Situation":"flat","Value":498006.20000000},{"TimeFrom":"2019-03-26T03:51:19","TimeTo":"2019-03-26T03:56:20","Situation":"flat","Value":0.00000000},{"TimeFrom":"2019-03-26T03:51:19","TimeTo":"2019-03-26T03:56:20","Situation":"flat","Value":0.00000000},{"TimeFrom":"2019-03-26T03:56:20","TimeTo":"2019-03-26T04:01:24","Situation":"flat","Value":0.00000000},{"TimeFrom":"2019-03-26T03:56:20","TimeTo":"2019-03-26T04:01:24","Situation":"flat","Value":0.00000000},{"TimeFrom":"2019-03-26T04:01:24","TimeTo":"2019-03-26T04:06:25","Situation":"flat","Value":0.00000000},{"TimeFrom":"2019-03-26T04:01:24","TimeTo":"2019-03-26T04:06:25","Situation":"flat","Value":0.00000000},{"TimeFrom":"2019-03-26T04:06:25","TimeTo":"2019-03-26T04:11:25","Situation":"flat","Value":0.00000000},{"TimeFrom":"2019-03-26T04:06:25","TimeTo":"2019-03-26T04:11:25","Situation":"flat","Value":0.00000000},{"TimeFrom":"2019-03-26T04:11:25","TimeTo":"2019-03-26T04:16:25","Situation":"flat","Value":0.00000000},{"TimeFrom":"2019-03-26T04:11:25","TimeTo":"2019-03-26T04:16:25","Situation":"flat","Value":0.00000000},{"TimeFrom":"2019-03-26T04:16:25","TimeTo":"2019-03-26T04:21:26","Situation":"flat","Value":0.00000000},{"TimeFrom":"2019-03-26T04:16:25","TimeTo":"2019-03-26T04:21:26","Situation":"flat","Value":0.00000000},{"TimeFrom":"2019-03-26T04:21:26","TimeTo":"2019-03-26T04:26:26","Situation":"flat","Value":0.00000000},{"TimeFrom":"2019-03-26T04:21:26","TimeTo":"2019-03-26T04:26:26","Situation":"flat","Value":0.00000000},{"TimeFrom":"2019-03-26T04:26:26","TimeTo":"2019-03-26T04:31:26","Situation":"flat","Value":0.00000000},{"TimeFrom":"2019-03-26T04:26:26","TimeTo":"2019-03-26T04:31:26","Situation":"flat","Value":0.00000000},{"TimeFrom":"2019-03-26T04:31:26","TimeTo":"2019-03-26T04:36:26","Situation":"flat","Value":0.00000000},{"TimeFrom":"2019-03-26T04:31:26","TimeTo":"2019-03-26T04:36:26","Situation":"flat","Value":0.00000000},{"TimeFrom":"2019-03-26T04:36:26","TimeTo":"2019-03-26T04:41:26","Situation":"flat","Value":-416347.00000000},{"TimeFrom":"2019-03-26T04:36:26","TimeTo":"2019-03-26T04:41:26","Situation":"flat","Value":-416347.00000000},{"TimeFrom":"2019-03-26T04:41:26","TimeTo":"2019-03-26T04:46:26","Situation":"flat","Value":0.00000000},{"TimeFrom":"2019-03-26T04:41:26","TimeTo":"2019-03-26T04:46:30","Situation":"flat","Value":0.00000000},{"TimeFrom":"2019-03-26T04:46:26","TimeTo":"2019-03-26T04:51:27","Situation":"flat","Value":0.00000000},{"TimeFrom":"2019-03-26T04:46:30","TimeTo":"2019-03-26T04:51:32","Situation":"flat","Value":0.00000000},{"TimeFrom":"2019-03-26T04:51:27","TimeTo":"2019-03-26T04:56:30","Situation":"flat","Value":0.00000000},{"TimeFrom":"2019-03-26T04:51:32","TimeTo":"2019-03-26T04:56:35","Situation":"flat","Value":0.00000000},{"TimeFrom":"2019-03-26T04:56:30","TimeTo":"2019-03-26T05:01:33","Situation":"flat","Value":0.00000000},{"TimeFrom":"2019-03-26T04:56:35","TimeTo":"2019-03-26T05:01:38","Situation":"flat","Value":0.00000000},{"TimeFrom":"2019-03-26T05:01:33","TimeTo":"2019-03-26T05:06:35","Situation":"flat","Value":0.00000000},{"TimeFrom":"2019-03-26T05:01:38","TimeTo":"2019-03-26T05:06:40","Situation":"flat","Value":0.00000000},{"TimeFrom":"2019-03-26T05:06:35","TimeTo":"2019-03-26T05:11:36","Situation":"flat","Value":0.00000000},{"TimeFrom":"2019-03-26T05:06:40","TimeTo":"2019-03-26T05:11:41","Situation":"flat","Value":0.00000000},{"TimeFrom":"2019-03-26T05:11:36","TimeTo":"2019-03-26T05:16:36","Situation":"flat","Value":0.00000000},{"TimeFrom":"2019-03-26T05:11:41","TimeTo":"2019-03-26T05:16:41","Situation":"flat","Value":0.00000000},{"TimeFrom":"2019-03-26T05:16:36","TimeTo":"2019-03-26T05:21:40","Situation":"flat","Value":0.00000000},{"TimeFrom":"2019-03-26T05:16:41","TimeTo":"2019-03-26T05:21:45","Situation":"flat","Value":0.00000000},{"TimeFrom":"2019-03-26T05:21:40","TimeTo":"2019-03-26T05:26:40","Situation":"flat","Value":0.00000000},{"TimeFrom":"2019-03-26T05:21:45","TimeTo":"2019-03-26T05:26:46","Situation":"flat","Value":0.00000000},{"TimeFrom":"2019-03-26T05:26:40","TimeTo":"2019-03-26T05:31:41","Situation":"flat","Value":0.00000000},{"TimeFrom":"2019-03-26T05:26:46","TimeTo":"2019-03-26T05:31:46","Situation":"flat","Value":0.00000000},{"TimeFrom":"2019-03-26T05:31:41","TimeTo":"2019-03-26T05:36:44","Situation":"flat","Value":0.00000000},{"TimeFrom":"2019-03-26T05:31:46","TimeTo":"2019-03-26T05:36:49","Situation":"flat","Value":0.00000000},{"TimeFrom":"2019-03-26T05:36:44","TimeTo":"2019-03-26T05:41:48","Situation":"flat","Value":0.00000000},{"TimeFrom":"2019-03-26T05:36:49","TimeTo":"2019-03-26T05:41:52","Situation":"flat","Value":0.00000000},{"TimeFrom":"2019-03-26T05:41:48","TimeTo":"2019-03-26T05:46:51","Situation":"flat","Value":868027.00000000},{"TimeFrom":"2019-03-26T05:41:52","TimeTo":"2019-03-26T05:46:56","Situation":"flat","Value":868027.00000000},{"TimeFrom":"2019-03-26T05:46:51","TimeTo":"2019-03-26T05:51:51","Situation":"flat","Value":0.00000000},{"TimeFrom":"2019-03-26T05:46:56","TimeTo":"2019-03-26T05:51:56","Situation":"flat","Value":0.00000000},{"TimeFrom":"2019-03-26T05:51:51","TimeTo":"2019-03-26T05:56:51","Situation":"flat","Value":-343206.30000000},{"TimeFrom":"2019-03-26T05:51:56","TimeTo":"2019-03-26T05:56:56","Situation":"flat","Value":-343206.30000000},{"TimeFrom":"2019-03-26T05:56:51","TimeTo":"2019-03-26T06:01:51","Situation":"flat","Value":0.00000000},{"TimeFrom":"2019-03-26T05:56:56","TimeTo":"2019-03-26T06:01:56","Situation":"flat","Value":0.00000000},{"TimeFrom":"2019-03-26T06:01:51","TimeTo":"2019-03-26T06:06:54","Situation":"flat","Value":0.00000000},{"TimeFrom":"2019-03-26T06:01:56","TimeTo":"2019-03-26T06:06:59","Situation":"flat","Value":0.00000000},{"TimeFrom":"2019-03-26T06:06:54","TimeTo":"2019-03-26T06:11:57","Situation":"flat","Value":0.00000000},{"TimeFrom":"2019-03-26T06:06:59","TimeTo":"2019-03-26T06:12:04","Situation":"flat","Value":0.00000000},{"TimeFrom":"2019-03-26T06:11:57","TimeTo":"2019-03-26T06:17:03","Situation":"flat","Value":0.00000000},{"TimeFrom":"2019-03-26T06:12:04","TimeTo":"2019-03-26T06:17:04","Situation":"flat","Value":0.00000000},{"TimeFrom":"2019-03-26T06:17:03","TimeTo":"2019-03-26T06:22:04","Situation":"flat","Value":0.00000000},{"TimeFrom":"2019-03-26T06:17:04","TimeTo":"2019-03-26T06:22:04","Situation":"flat","Value":0.00000000},{"TimeFrom":"2019-03-26T06:22:04","TimeTo":"2019-03-26T06:27:06","Situation":"flat","Value":0.00000000},{"TimeFrom":"2019-03-26T06:22:04","TimeTo":"2019-03-26T06:27:06","Situation":"flat","Value":0.00000000},{"TimeFrom":"2019-03-26T06:27:06","TimeTo":"2019-03-26T06:32:10","Situation":"flat","Value":0.00000000},{"TimeFrom":"2019-03-26T06:27:06","TimeTo":"2019-03-26T06:32:10","Situation":"flat","Value":0.00000000},{"TimeFrom":"2019-03-26T06:32:10","TimeTo":"2019-03-26T06:37:14","Situation":"flat","Value":0.00000000},{"TimeFrom":"2019-03-26T06:32:10","TimeTo":"2019-03-26T06:37:14","Situation":"flat","Value":0.00000000},{"TimeFrom":"2019-03-26T06:37:14","TimeTo":"2019-03-26T06:42:16","Situation":"flat","Value":0.00000000},{"TimeFrom":"2019-03-26T06:37:14","TimeTo":"2019-03-26T06:42:16","Situation":"flat","Value":0.00000000},{"TimeFrom":"2019-03-26T06:42:16","TimeTo":"2019-03-26T06:47:20","Situation":"flat","Value":0.00000000},{"TimeFrom":"2019-03-26T06:42:16","TimeTo":"2019-03-26T06:47:20","Situation":"flat","Value":0.00000000},{"TimeFrom":"2019-03-26T06:47:20","TimeTo":"2019-03-26T06:52:20","Situation":"flat","Value":0.00000000},{"TimeFrom":"2019-03-26T06:47:20","TimeTo":"2019-03-26T06:52:24","Situation":"flat","Value":0.00000000},{"TimeFrom":"2019-03-26T06:52:20","TimeTo":"2019-03-26T06:55:20","Situation":"trend","Value":0.00000000},{"TimeFrom":"2019-03-26T06:52:24","TimeTo":"2019-03-26T06:55:20","Situation":"trend","Value":0.00000000},{"TimeFrom":"2019-03-26T06:55:20","TimeTo":"2019-03-26T07:00:22","Situation":"flat","Value":0.00000000},{"TimeFrom":"2019-03-26T06:55:20","TimeTo":"2019-03-26T07:00:22","Situation":"flat","Value":0.00000000},{"TimeFrom":"2019-03-26T07:00:22","TimeTo":"2019-03-26T07:05:23","Situation":"flat","Value":0.00000000},{"TimeFrom":"2019-03-26T07:00:22","TimeTo":"2019-03-26T07:05:23","Situation":"flat","Value":0.00000000},{"TimeFrom":"2019-03-26T07:05:23","TimeTo":"2019-03-26T07:10:26","Situation":"flat","Value":0.00000000},{"TimeFrom":"2019-03-26T07:05:23","TimeTo":"2019-03-26T07:10:26","Situation":"flat","Value":0.00000000},{"TimeFrom":"2019-03-26T07:10:26","TimeTo":"2019-03-26T07:15:26","Situation":"flat","Value":308516.70000000},{"TimeFrom":"2019-03-26T07:10:26","TimeTo":"2019-03-26T07:15:26","Situation":"flat","Value":308516.70000000},{"TimeFrom":"2019-03-26T07:15:26","TimeTo":"2019-03-26T07:20:26","Situation":"flat","Value":0.00000000},{"TimeFrom":"2019-03-26T07:15:26","TimeTo":"2019-03-26T07:20:26","Situation":"flat","Value":0.00000000},{"TimeFrom":"2019-03-26T07:20:26","TimeTo":"2019-03-26T07:25:29","Situation":"flat","Value":0.00000000},{"TimeFrom":"2019-03-26T07:20:26","TimeTo":"2019-03-26T07:25:29","Situation":"flat","Value":0.00000000},{"TimeFrom":"2019-03-26T07:25:29","TimeTo":"2019-03-26T07:30:29","Situation":"flat","Value":0.00000000},{"TimeFrom":"2019-03-26T07:25:29","TimeTo":"2019-03-26T07:30:30","Situation":"flat","Value":0.00000000},{"TimeFrom":"2019-03-26T07:30:29","TimeTo":"2019-03-26T07:32:41","Situation":"trend","Value":0.00000000},{"TimeFrom":"2019-03-26T07:30:30","TimeTo":"2019-03-26T07:32:42","Situation":"trend","Value":0.00000000},{"TimeFrom":"2019-03-26T07:32:41","TimeTo":"2019-03-26T07:36:15","Situation":"trend","Value":0.00000000},{"TimeFrom":"2019-03-26T07:32:42","TimeTo":"2019-03-26T07:36:16","Situation":"trend","Value":0.00000000},{"TimeFrom":"2019-03-26T07:36:15","TimeTo":"2019-03-26T07:41:16","Situation":"flat","Value":0.00000000},{"TimeFrom":"2019-03-26T07:36:16","TimeTo":"2019-03-26T07:41:20","Situation":"flat","Value":0.00000000},{"TimeFrom":"2019-03-26T07:41:16","TimeTo":"2019-03-26T07:43:24","Situation":"trend","Value":0.00000000},{"TimeFrom":"2019-03-26T07:41:20","TimeTo":"2019-03-26T07:43:24","Situation":"trend","Value":0.00000000},{"TimeFrom":"2019-03-26T07:43:24","TimeTo":"2019-03-26T07:48:25","Situation":"flat","Value":0.00000000},{"TimeFrom":"2019-03-26T07:43:24","TimeTo":"2019-03-26T07:48:28","Situation":"flat","Value":0.00000000},{"TimeFrom":"2019-03-26T07:48:25","TimeTo":"2019-03-26T07:53:25","Situation":"flat","Value":0.00000000},{"TimeFrom":"2019-03-26T07:48:28","TimeTo":"2019-03-26T07:53:31","Situation":"flat","Value":0.00000000},{"TimeFrom":"2019-03-26T07:53:25","TimeTo":"2019-03-26T07:58:29","Situation":"flat","Value":0.00000000},{"TimeFrom":"2019-03-26T07:53:31","TimeTo":"2019-03-26T07:58:34","Situation":"flat","Value":0.00000000},{"TimeFrom":"2019-03-26T07:58:29","TimeTo":"2019-03-26T08:03:30","Situation":"flat","Value":0.00000000},{"TimeFrom":"2019-03-26T07:58:34","TimeTo":"2019-03-26T08:03:36","Situation":"flat","Value":0.00000000},{"TimeFrom":"2019-03-26T08:03:30","TimeTo":"2019-03-26T08:08:30","Situation":"flat","Value":0.00000000},{"TimeFrom":"2019-03-26T08:03:36","TimeTo":"2019-03-26T08:08:39","Situation":"flat","Value":0.00000000},{"TimeFrom":"2019-03-26T08:08:30","TimeTo":"2019-03-26T08:13:30","Situation":"flat","Value":0.00000000},{"TimeFrom":"2019-03-26T08:08:39","TimeTo":"2019-03-26T08:13:40","Situation":"flat","Value":0.00000000},{"TimeFrom":"2019-03-26T08:13:30","TimeTo":"2019-03-26T08:18:30","Situation":"flat","Value":0.00000000},{"TimeFrom":"2019-03-26T08:13:40","TimeTo":"2019-03-26T08:18:40","Situation":"flat","Value":0.00000000},{"TimeFrom":"2019-03-26T08:18:30","TimeTo":"2019-03-26T08:23:31","Situation":"flat","Value":0.00000000},{"TimeFrom":"2019-03-26T08:18:40","TimeTo":"2019-03-26T08:23:41","Situation":"flat","Value":0.00000000},{"TimeFrom":"2019-03-26T08:23:31","TimeTo":"2019-03-26T08:28:34","Situation":"flat","Value":0.00000000},{"TimeFrom":"2019-03-26T08:23:41","TimeTo":"2019-03-26T08:28:44","Situation":"flat","Value":0.00000000},{"TimeFrom":"2019-03-26T08:28:34","TimeTo":"2019-03-26T08:33:36","Situation":"flat","Value":0.00000000},{"TimeFrom":"2019-03-26T08:28:44","TimeTo":"2019-03-26T08:33:46","Situation":"flat","Value":0.00000000},{"TimeFrom":"2019-03-26T08:33:36","TimeTo":"2019-03-26T08:38:38","Situation":"flat","Value":0.00000000},{"TimeFrom":"2019-03-26T08:33:46","TimeTo":"2019-03-26T08:38:47","Situation":"flat","Value":0.00000000},{"TimeFrom":"2019-03-26T08:38:38","TimeTo":"2019-03-26T08:43:39","Situation":"flat","Value":0.00000000},{"TimeFrom":"2019-03-26T08:38:47","TimeTo":"2019-03-26T08:43:49","Situation":"flat","Value":0.00000000},{"TimeFrom":"2019-03-26T08:43:39","TimeTo":"2019-03-26T08:48:40","Situation":"flat","Value":0.00000000},{"TimeFrom":"2019-03-26T08:43:49","TimeTo":"2019-03-26T08:48:50","Situation":"flat","Value":0.00000000},{"TimeFrom":"2019-03-26T08:48:40","TimeTo":"2019-03-26T08:53:41","Situation":"flat","Value":0.00000000},{"TimeFrom":"2019-03-26T08:48:50","TimeTo":"2019-03-26T08:53:51","Situation":"flat","Value":0.00000000},{"TimeFrom":"2019-03-26T08:53:41","TimeTo":"2019-03-26T08:58:41","Situation":"flat","Value":0.00000000},{"TimeFrom":"2019-03-26T08:53:51","TimeTo":"2019-03-26T08:58:51","Situation":"flat","Value":0.00000000},{"TimeFrom":"2019-03-26T08:58:41","TimeTo":"2019-03-26T09:03:45","Situation":"flat","Value":0.00000000},{"TimeFrom":"2019-03-26T08:58:51","TimeTo":"2019-03-26T09:03:55","Situation":"flat","Value":0.00000000},{"TimeFrom":"2019-03-26T09:03:45","TimeTo":"2019-03-26T09:08:45","Situation":"flat","Value":0.00000000},{"TimeFrom":"2019-03-26T09:03:55","TimeTo":"2019-03-26T09:08:56","Situation":"flat","Value":0.00000000},{"TimeFrom":"2019-03-26T09:08:45","TimeTo":"2019-03-26T09:13:46","Situation":"flat","Value":0.00000000},{"TimeFrom":"2019-03-26T09:08:56","TimeTo":"2019-03-26T09:13:56","Situation":"flat","Value":0.00000000},{"TimeFrom":"2019-03-26T09:13:46","TimeTo":"2019-03-26T09:18:50","Situation":"flat","Value":0.00000000},{"TimeFrom":"2019-03-26T09:13:56","TimeTo":"2019-03-26T09:19:00","Situation":"flat","Value":0.00000000},{"TimeFrom":"2019-03-26T09:18:50","TimeTo":"2019-03-26T09:23:52","Situation":"flat","Value":0.00000000},{"TimeFrom":"2019-03-26T09:19:00","TimeTo":"2019-03-26T09:24:05","Situation":"flat","Value":0.00000000},{"TimeFrom":"2019-03-26T09:23:52","TimeTo":"2019-03-26T09:28:52","Situation":"flat","Value":0.00000000},{"TimeFrom":"2019-03-26T09:24:05","TimeTo":"2019-03-26T09:29:09","Situation":"flat","Value":0.00000000},{"TimeFrom":"2019-03-26T09:28:52","TimeTo":"2019-03-26T09:33:54","Situation":"flat","Value":0.00000000},{"TimeFrom":"2019-03-26T09:29:09","TimeTo":"2019-03-26T09:34:11","Situation":"flat","Value":0.00000000},{"TimeFrom":"2019-03-26T09:33:54","TimeTo":"2019-03-26T09:38:55","Situation":"flat","Value":0.00000000},{"TimeFrom":"2019-03-26T09:34:11","TimeTo":"2019-03-26T09:39:12","Situation":"flat","Value":0.00000000},{"TimeFrom":"2019-03-26T09:38:55","TimeTo":"2019-03-26T09:43:56","Situation":"flat","Value":0.00000000},{"TimeFrom":"2019-03-26T09:39:12","TimeTo":"2019-03-26T09:44:16","Situation":"flat","Value":0.00000000},{"TimeFrom":"2019-03-26T09:43:56","TimeTo":"2019-03-26T09:48:57","Situation":"flat","Value":0.00000000},{"TimeFrom":"2019-03-26T09:44:16","TimeTo":"2019-03-26T09:49:20","Situation":"flat","Value":0.00000000},{"TimeFrom":"2019-03-26T09:48:57","TimeTo":"2019-03-26T09:53:57","Situation":"flat","Value":0.00000000},{"TimeFrom":"2019-03-26T09:49:20","TimeTo":"2019-03-26T09:54:20","Situation":"flat","Value":0.00000000},{"TimeFrom":"2019-03-26T09:53:57","TimeTo":"2019-03-26T09:59:00","Situation":"flat","Value":0.00000000},{"TimeFrom":"2019-03-26T09:54:20","TimeTo":"2019-03-26T09:59:20","Situation":"flat","Value":0.00000000},{"TimeFrom":"2019-03-26T09:59:00","TimeTo":"2019-03-26T10:04:00","Situation":"flat","Value":0.00000000},{"TimeFrom":"2019-03-26T09:59:20","TimeTo":"2019-03-26T10:04:20","Situation":"flat","Value":0.00000000},{"TimeFrom":"2019-03-26T10:04:00","TimeTo":"2019-03-26T10:08:26","Situation":"trend","Value":0.00000000},{"TimeFrom":"2019-03-26T10:04:20","TimeTo":"2019-03-26T10:08:26","Situation":"trend","Value":0.00000000},{"TimeFrom":"2019-03-26T10:08:26","TimeTo":"2019-03-26T10:10:54","Situation":"trend","Value":772396.80000000},{"TimeFrom":"2019-03-26T10:08:26","TimeTo":"2019-03-26T10:10:54","Situation":"trend","Value":772396.80000000},{"TimeFrom":"2019-03-26T10:10:54","TimeTo":"2019-03-26T10:15:32","Situation":"trend","Value":392531.00000000},{"TimeFrom":"2019-03-26T10:10:54","TimeTo":"2019-03-26T10:15:35","Situation":"trend","Value":392531.00000000},{"TimeFrom":"2019-03-26T10:15:32","TimeTo":"2019-03-26T10:20:33","Situation":"flat","Value":0.00000000},{"TimeFrom":"2019-03-26T10:15:35","TimeTo":"2019-03-26T10:20:39","Situation":"flat","Value":0.00000000},{"TimeFrom":"2019-03-26T10:20:33","TimeTo":"2019-03-26T10:25:37","Situation":"flat","Value":0.00000000},{"TimeFrom":"2019-03-26T10:20:39","TimeTo":"2019-03-26T10:25:42","Situation":"flat","Value":0.00000000},{"TimeFrom":"2019-03-26T10:25:37","TimeTo":"2019-03-26T10:30:41","Situation":"flat","Value":0.00000000},{"TimeFrom":"2019-03-26T10:25:42","TimeTo":"2019-03-26T10:30:46","Situation":"flat","Value":0.00000000},{"TimeFrom":"2019-03-26T10:30:41","TimeTo":"2019-03-26T10:35:43","Situation":"flat","Value":0.00000000},{"TimeFrom":"2019-03-26T10:30:46","TimeTo":"2019-03-26T10:35:49","Situation":"flat","Value":0.00000000},{"TimeFrom":"2019-03-26T10:35:43","TimeTo":"2019-03-26T10:40:45","Situation":"flat","Value":0.00000000},{"TimeFrom":"2019-03-26T10:35:49","TimeTo":"2019-03-26T10:40:50","Situation":"flat","Value":0.00000000},{"TimeFrom":"2019-03-26T10:40:45","TimeTo":"2019-03-26T10:45:46","Situation":"flat","Value":0.00000000},{"TimeFrom":"2019-03-26T10:40:50","TimeTo":"2019-03-26T10:45:51","Situation":"flat","Value":0.00000000},{"TimeFrom":"2019-03-26T10:45:46","TimeTo":"2019-03-26T10:50:49","Situation":"flat","Value":0.00000000},{"TimeFrom":"2019-03-26T10:45:51","TimeTo":"2019-03-26T10:50:53","Situation":"flat","Value":0.00000000},{"TimeFrom":"2019-03-26T10:50:49","TimeTo":"2019-03-26T10:51:35","Situation":"trend","Value":0.00000000},{"TimeFrom":"2019-03-26T10:50:53","TimeTo":"2019-03-26T10:51:35","Situation":"trend","Value":0.00000000},{"TimeFrom":"2019-03-26T10:51:35","TimeTo":"2019-03-26T10:56:39","Situation":"flat","Value":0.00000000},{"TimeFrom":"2019-03-26T10:51:35","TimeTo":"2019-03-26T10:56:39","Situation":"flat","Value":0.00000000},{"TimeFrom":"2019-03-26T10:56:39","TimeTo":"2019-03-26T11:01:39","Situation":"flat","Value":0.00000000},{"TimeFrom":"2019-03-26T10:56:39","TimeTo":"2019-03-26T11:01:40","Situation":"flat","Value":0.00000000},{"TimeFrom":"2019-03-26T11:01:39","TimeTo":"2019-03-26T11:06:40","Situation":"flat","Value":0.00000000},{"TimeFrom":"2019-03-26T11:01:40","TimeTo":"2019-03-26T11:06:40","Situation":"flat","Value":0.00000000},{"TimeFrom":"2019-03-26T11:06:40","TimeTo":"2019-03-26T11:11:41","Situation":"flat","Value":0.00000000},{"TimeFrom":"2019-03-26T11:06:40","TimeTo":"2019-03-26T11:11:42","Situation":"flat","Value":0.00000000},{"TimeFrom":"2019-03-26T11:11:41","TimeTo":"2019-03-26T11:16:41","Situation":"flat","Value":0.00000000},{"TimeFrom":"2019-03-26T11:11:42","TimeTo":"2019-03-26T11:16:46","Situation":"flat","Value":0.00000000},{"TimeFrom":"2019-03-26T11:16:41","TimeTo":"2019-03-26T11:21:45","Situation":"flat","Value":0.00000000},{"TimeFrom":"2019-03-26T11:16:46","TimeTo":"2019-03-26T11:21:50","Situation":"flat","Value":0.00000000},{"TimeFrom":"2019-03-26T11:21:45","TimeTo":"2019-03-26T11:26:49","Situation":"flat","Value":0.00000000},{"TimeFrom":"2019-03-26T11:21:50","TimeTo":"2019-03-26T11:26:54","Situation":"flat","Value":0.00000000},{"TimeFrom":"2019-03-26T11:26:49","TimeTo":"2019-03-26T11:31:51","Situation":"flat","Value":0.00000000},{"TimeFrom":"2019-03-26T11:26:54","TimeTo":"2019-03-26T11:31:57","Situation":"flat","Value":0.00000000},{"TimeFrom":"2019-03-26T11:31:51","TimeTo":"2019-03-26T11:36:55","Situation":"flat","Value":108655.60000000},{"TimeFrom":"2019-03-26T11:31:57","TimeTo":"2019-03-26T11:37:00","Situation":"flat","Value":108655.60000000},{"TimeFrom":"2019-03-26T11:36:55","TimeTo":"2019-03-26T11:41:56","Situation":"flat","Value":0.00000000},{"TimeFrom":"2019-03-26T11:37:00","TimeTo":"2019-03-26T11:42:04","Situation":"flat","Value":0.00000000},{"TimeFrom":"2019-03-26T11:41:56","TimeTo":"2019-03-26T11:47:00","Situation":"flat","Value":0.00000000},{"TimeFrom":"2019-03-26T11:42:04","TimeTo":"2019-03-26T11:47:07","Situation":"flat","Value":0.00000000},{"TimeFrom":"2019-03-26T11:47:00","TimeTo":"2019-03-26T11:52:04","Situation":"flat","Value":0.00000000},{"TimeFrom":"2019-03-26T11:47:07","TimeTo":"2019-03-26T11:52:09","Situation":"flat","Value":0.00000000},{"TimeFrom":"2019-03-26T11:52:04","TimeTo":"2019-03-26T11:57:05","Situation":"flat","Value":0.00000000},{"TimeFrom":"2019-03-26T11:52:09","TimeTo":"2019-03-26T11:57:10","Situation":"flat","Value":0.00000000},{"TimeFrom":"2019-03-26T11:57:05","TimeTo":"2019-03-26T12:02:06","Situation":"flat","Value":0.00000000},{"TimeFrom":"2019-03-26T11:57:10","TimeTo":"2019-03-26T12:02:12","Situation":"flat","Value":0.00000000},{"TimeFrom":"2019-03-26T12:02:06","TimeTo":"2019-03-26T12:07:06","Situation":"flat","Value":0.00000000},{"TimeFrom":"2019-03-26T12:02:12","TimeTo":"2019-03-26T12:07:16","Situation":"flat","Value":0.00000000},{"TimeFrom":"2019-03-26T12:07:06","TimeTo":"2019-03-26T12:12:09","Situation":"flat","Value":0.00000000},{"TimeFrom":"2019-03-26T12:07:16","TimeTo":"2019-03-26T12:12:19","Situation":"flat","Value":0.00000000},{"TimeFrom":"2019-03-26T12:12:09","TimeTo":"2019-03-26T12:16:21","Situation":"trend","Value":0.00000000},{"TimeFrom":"2019-03-26T12:12:19","TimeTo":"2019-03-26T12:16:20","Situation":"trend","Value":0.00000000},{"TimeFrom":"2019-03-26T12:16:20","TimeTo":"2019-03-26T12:21:24","Situation":"flat","Value":526284.00000000},{"TimeFrom":"2019-03-26T12:16:21","TimeTo":"2019-03-26T12:21:24","Situation":"flat","Value":526284.00000000},{"TimeFrom":"2019-03-26T12:21:24","TimeTo":"2019-03-26T12:26:24","Situation":"flat","Value":0.00000000},{"TimeFrom":"2019-03-26T12:21:24","TimeTo":"2019-03-26T12:26:24","Situation":"flat","Value":0.00000000},{"TimeFrom":"2019-03-26T12:26:24","TimeTo":"2019-03-26T12:31:24","Situation":"flat","Value":0.00000000},{"TimeFrom":"2019-03-26T12:26:24","TimeTo":"2019-03-26T12:31:24","Situation":"flat","Value":0.00000000},{"TimeFrom":"2019-03-26T12:31:24","TimeTo":"2019-03-26T12:36:25","Situation":"flat","Value":0.00000000},{"TimeFrom":"2019-03-26T12:31:24","TimeTo":"2019-03-26T12:36:25","Situation":"flat","Value":0.00000000},{"TimeFrom":"2019-03-26T12:36:25","TimeTo":"2019-03-26T12:38:32","Situation":"trend","Value":-1397585.80000000},{"TimeFrom":"2019-03-26T12:36:25","TimeTo":"2019-03-26T12:38:37","Situation":"trend","Value":-1397585.80000000},{"TimeFrom":"2019-03-26T12:38:32","TimeTo":"2019-03-26T12:43:35","Situation":"flat","Value":0.00000000},{"TimeFrom":"2019-03-26T12:38:37","TimeTo":"2019-03-26T12:43:40","Situation":"flat","Value":0.00000000},{"TimeFrom":"2019-03-26T12:43:35","TimeTo":"2019-03-26T12:48:11","Situation":"trend","Value":57869.00000000},{"TimeFrom":"2019-03-26T12:43:40","TimeTo":"2019-03-26T12:48:11","Situation":"trend","Value":57869.00000000},{"TimeFrom":"2019-03-26T12:48:11","TimeTo":"2019-03-26T12:53:15","Situation":"flat","Value":0.00000000},{"TimeFrom":"2019-03-26T12:48:11","TimeTo":"2019-03-26T12:53:15","Situation":"flat","Value":0.00000000},{"TimeFrom":"2019-03-26T12:53:15","TimeTo":"2019-03-26T12:54:21","Situation":"trend","Value":0.00000000},{"TimeFrom":"2019-03-26T12:53:15","TimeTo":"2019-03-26T12:54:21","Situation":"trend","Value":0.00000000},{"TimeFrom":"2019-03-26T12:54:21","TimeTo":"2019-03-26T12:59:24","Situation":"flat","Value":-767375.20000000},{"TimeFrom":"2019-03-26T12:54:21","TimeTo":"2019-03-26T12:59:24","Situation":"flat","Value":-767375.20000000},{"TimeFrom":"2019-03-26T12:59:24","TimeTo":"2019-03-26T13:04:24","Situation":"flat","Value":235318.20000000},{"TimeFrom":"2019-03-26T12:59:24","TimeTo":"2019-03-26T13:04:25","Situation":"flat","Value":235318.20000000},{"TimeFrom":"2019-03-26T13:04:24","TimeTo":"2019-03-26T13:07:51","Situation":"trend","Value":321777.70000000},{"TimeFrom":"2019-03-26T13:04:25","TimeTo":"2019-03-26T13:07:51","Situation":"trend","Value":321777.70000000},{"TimeFrom":"2019-03-26T13:07:51","TimeTo":"2019-03-26T13:12:54","Situation":"flat","Value":-500000.00000000},{"TimeFrom":"2019-03-26T13:07:51","TimeTo":"2019-03-26T13:12:55","Situation":"flat","Value":-500000.00000000},{"TimeFrom":"2019-03-26T13:12:54","TimeTo":"2019-03-26T13:17:58","Situation":"flat","Value":0.00000000},{"TimeFrom":"2019-03-26T13:12:55","TimeTo":"2019-03-26T13:17:58","Situation":"flat","Value":0.00000000},{"TimeFrom":"2019-03-26T13:17:58","TimeTo":"2019-03-26T13:22:58","Situation":"flat","Value":0.00000000},{"TimeFrom":"2019-03-26T13:17:58","TimeTo":"2019-03-26T13:23:04","Situation":"flat","Value":0.00000000},{"TimeFrom":"2019-03-26T13:22:58","TimeTo":"2019-03-26T13:27:58","Situation":"flat","Value":0.00000000},{"TimeFrom":"2019-03-26T13:23:04","TimeTo":"2019-03-26T13:28:05","Situation":"flat","Value":0.00000000},{"TimeFrom":"2019-03-26T13:27:58","TimeTo":"2019-03-26T13:33:00","Situation":"flat","Value":0.00000000},{"TimeFrom":"2019-03-26T13:28:05","TimeTo":"2019-03-26T13:33:08","Situation":"flat","Value":0.00000000},{"TimeFrom":"2019-03-26T13:33:00","TimeTo":"2019-03-26T13:35:55","Situation":"trend","Value":0.00000000},{"TimeFrom":"2019-03-26T13:33:08","TimeTo":"2019-03-26T13:35:55","Situation":"trend","Value":0.00000000},{"TimeFrom":"2019-03-26T13:35:55","TimeTo":"2019-03-26T13:40:55","Situation":"flat","Value":0.00000000},{"TimeFrom":"2019-03-26T13:35:55","TimeTo":"2019-03-26T13:40:56","Situation":"flat","Value":0.00000000},{"TimeFrom":"2019-03-26T13:40:55","TimeTo":"2019-03-26T13:45:56","Situation":"flat","Value":0.00000000},{"TimeFrom":"2019-03-26T13:40:56","TimeTo":"2019-03-26T13:45:56","Situation":"flat","Value":0.00000000},{"TimeFrom":"2019-03-26T13:45:56","TimeTo":"2019-03-26T13:50:56","Situation":"flat","Value":0.00000000},{"TimeFrom":"2019-03-26T13:45:56","TimeTo":"2019-03-26T13:50:56","Situation":"flat","Value":0.00000000},{"TimeFrom":"2019-03-26T13:50:56","TimeTo":"2019-03-26T13:55:59","Situation":"flat","Value":0.00000000},{"TimeFrom":"2019-03-26T13:50:56","TimeTo":"2019-03-26T13:56:00","Situation":"flat","Value":0.00000000},{"TimeFrom":"2019-03-26T13:55:59","TimeTo":"2019-03-26T14:00:59","Situation":"flat","Value":-892522.60000000},{"TimeFrom":"2019-03-26T13:56:00","TimeTo":"2019-03-26T14:01:06","Situation":"flat","Value":-892522.60000000},{"TimeFrom":"2019-03-26T14:00:59","TimeTo":"2019-03-26T14:04:51","Situation":"trend","Value":0.00000000},{"TimeFrom":"2019-03-26T14:01:06","TimeTo":"2019-03-26T14:04:50","Situation":"trend","Value":0.00000000},{"TimeFrom":"2019-03-26T14:04:50","TimeTo":"2019-03-26T14:08:09","Situation":"trend","Value":0.00000000},{"TimeFrom":"2019-03-26T14:04:51","TimeTo":"2019-03-26T14:08:09","Situation":"trend","Value":0.00000000},{"TimeFrom":"2019-03-26T14:08:09","TimeTo":"2019-03-26T14:13:10","Situation":"flat","Value":0.00000000},{"TimeFrom":"2019-03-26T14:08:09","TimeTo":"2019-03-26T14:13:10","Situation":"flat","Value":0.00000000},{"TimeFrom":"2019-03-26T14:13:10","TimeTo":"2019-03-26T14:18:14","Situation":"flat","Value":0.00000000},{"TimeFrom":"2019-03-26T14:13:10","TimeTo":"2019-03-26T14:18:14","Situation":"flat","Value":0.00000000},{"TimeFrom":"2019-03-26T14:18:14","TimeTo":"2019-03-26T14:23:17","Situation":"flat","Value":0.00000000},{"TimeFrom":"2019-03-26T14:18:14","TimeTo":"2019-03-26T14:23:17","Situation":"flat","Value":0.00000000},{"TimeFrom":"2019-03-26T14:23:17","TimeTo":"2019-03-26T14:28:19","Situation":"flat","Value":0.00000000},{"TimeFrom":"2019-03-26T14:23:17","TimeTo":"2019-03-26T14:28:20","Situation":"flat","Value":0.00000000},{"TimeFrom":"2019-03-26T14:28:19","TimeTo":"2019-03-26T14:33:19","Situation":"flat","Value":0.00000000},{"TimeFrom":"2019-03-26T14:28:20","TimeTo":"2019-03-26T14:33:24","Situation":"flat","Value":0.00000000},{"TimeFrom":"2019-03-26T14:33:19","TimeTo":"2019-03-26T14:38:20","Situation":"flat","Value":0.00000000},{"TimeFrom":"2019-03-26T14:33:24","TimeTo":"2019-03-26T14:38:26","Situation":"flat","Value":0.00000000},{"TimeFrom":"2019-03-26T14:38:20","TimeTo":"2019-03-26T14:43:20","Situation":"flat","Value":-1109412.20000000},{"TimeFrom":"2019-03-26T14:38:26","TimeTo":"2019-03-26T14:43:30","Situation":"flat","Value":-1109412.20000000},{"TimeFrom":"2019-03-26T14:43:20","TimeTo":"2019-03-26T14:48:20","Situation":"flat","Value":0.00000000},{"TimeFrom":"2019-03-26T14:43:30","TimeTo":"2019-03-26T14:48:30","Situation":"flat","Value":0.00000000},{"TimeFrom":"2019-03-26T14:48:20","TimeTo":"2019-03-26T14:53:23","Situation":"flat","Value":0.00000000},{"TimeFrom":"2019-03-26T14:48:30","TimeTo":"2019-03-26T14:53:33","Situation":"flat","Value":0.00000000},{"TimeFrom":"2019-03-26T14:53:23","TimeTo":"2019-03-26T14:58:24","Situation":"flat","Value":0.00000000},{"TimeFrom":"2019-03-26T14:53:33","TimeTo":"2019-03-26T14:58:34","Situation":"flat","Value":0.00000000},{"TimeFrom":"2019-03-26T14:58:24","TimeTo":"2019-03-26T15:03:27","Situation":"flat","Value":0.00000000},{"TimeFrom":"2019-03-26T14:58:34","TimeTo":"2019-03-26T15:03:37","Situation":"flat","Value":0.00000000},{"TimeFrom":"2019-03-26T15:03:27","TimeTo":"2019-03-26T15:08:31","Situation":"flat","Value":0.00000000},{"TimeFrom":"2019-03-26T15:03:37","TimeTo":"2019-03-26T15:08:41","Situation":"flat","Value":0.00000000},{"TimeFrom":"2019-03-26T15:08:31","TimeTo":"2019-03-26T15:13:35","Situation":"flat","Value":0.00000000},{"TimeFrom":"2019-03-26T15:08:41","TimeTo":"2019-03-26T15:13:45","Situation":"flat","Value":0.00000000},{"TimeFrom":"2019-03-26T15:13:35","TimeTo":"2019-03-26T15:18:35","Situation":"flat","Value":0.00000000},{"TimeFrom":"2019-03-26T15:13:45","TimeTo":"2019-03-26T15:18:45","Situation":"flat","Value":0.00000000},{"TimeFrom":"2019-03-26T15:18:35","TimeTo":"2019-03-26T15:23:35","Situation":"flat","Value":0.00000000},{"TimeFrom":"2019-03-26T15:18:45","TimeTo":"2019-03-26T15:23:45","Situation":"flat","Value":0.00000000},{"TimeFrom":"2019-03-26T15:23:35","TimeTo":"2019-03-26T15:28:35","Situation":"flat","Value":0.00000000},{"TimeFrom":"2019-03-26T15:23:45","TimeTo":"2019-03-26T15:28:45","Situation":"flat","Value":0.00000000},{"TimeFrom":"2019-03-26T15:28:35","TimeTo":"2019-03-26T15:33:37","Situation":"flat","Value":0.00000000},{"TimeFrom":"2019-03-26T15:28:45","TimeTo":"2019-03-26T15:33:47","Situation":"flat","Value":0.00000000},{"TimeFrom":"2019-03-26T15:33:37","TimeTo":"2019-03-26T15:38:41","Situation":"flat","Value":0.00000000},{"TimeFrom":"2019-03-26T15:33:47","TimeTo":"2019-03-26T15:38:51","Situation":"flat","Value":0.00000000},{"TimeFrom":"2019-03-26T15:38:41","TimeTo":"2019-03-26T15:43:45","Situation":"flat","Value":0.00000000},{"TimeFrom":"2019-03-26T15:38:51","TimeTo":"2019-03-26T15:43:55","Situation":"flat","Value":0.00000000},{"TimeFrom":"2019-03-26T15:43:45","TimeTo":"2019-03-26T15:48:49","Situation":"flat","Value":0.00000000},{"TimeFrom":"2019-03-26T15:43:55","TimeTo":"2019-03-26T15:48:59","Situation":"flat","Value":0.00000000},{"TimeFrom":"2019-03-26T15:48:49","TimeTo":"2019-03-26T15:53:52","Situation":"flat","Value":0.00000000},{"TimeFrom":"2019-03-26T15:48:59","TimeTo":"2019-03-26T15:54:05","Situation":"flat","Value":0.00000000},{"TimeFrom":"2019-03-26T15:53:52","TimeTo":"2019-03-26T15:58:54","Situation":"flat","Value":0.00000000},{"TimeFrom":"2019-03-26T15:54:05","TimeTo":"2019-03-26T15:59:06","Situation":"flat","Value":0.00000000},{"TimeFrom":"2019-03-26T15:58:54","TimeTo":"2019-03-26T16:03:57","Situation":"flat","Value":0.00000000},{"TimeFrom":"2019-03-26T15:59:06","TimeTo":"2019-03-26T16:04:09","Situation":"flat","Value":0.00000000},{"TimeFrom":"2019-03-26T16:03:57","TimeTo":"2019-03-26T16:09:04","Situation":"flat","Value":0.00000000},{"TimeFrom":"2019-03-26T16:04:09","TimeTo":"2019-03-26T16:09:10","Situation":"flat","Value":0.00000000},{"TimeFrom":"2019-03-26T16:09:04","TimeTo":"2019-03-26T16:14:04","Situation":"flat","Value":0.00000000},{"TimeFrom":"2019-03-26T16:09:10","TimeTo":"2019-03-26T16:14:14","Situation":"flat","Value":0.00000000},{"TimeFrom":"2019-03-26T16:14:04","TimeTo":"2019-03-26T16:19:07","Situation":"flat","Value":0.00000000},{"TimeFrom":"2019-03-26T16:14:14","TimeTo":"2019-03-26T16:19:18","Situation":"flat","Value":0.00000000},{"TimeFrom":"2019-03-26T16:19:07","TimeTo":"2019-03-26T16:24:10","Situation":"flat","Value":0.00000000},{"TimeFrom":"2019-03-26T16:19:18","TimeTo":"2019-03-26T16:24:20","Situation":"flat","Value":0.00000000},{"TimeFrom":"2019-03-26T16:24:10","TimeTo":"2019-03-26T16:29:10","Situation":"flat","Value":0.00000000},{"TimeFrom":"2019-03-26T16:24:20","TimeTo":"2019-03-26T16:29:20","Situation":"flat","Value":0.00000000},{"TimeFrom":"2019-03-26T16:29:10","TimeTo":"2019-03-26T16:34:11","Situation":"flat","Value":369702.40000000},{"TimeFrom":"2019-03-26T16:29:20","TimeTo":"2019-03-26T16:34:21","Situation":"flat","Value":369702.40000000},{"TimeFrom":"2019-03-26T16:34:11","TimeTo":"2019-03-26T16:39:15","Situation":"flat","Value":0.00000000},{"TimeFrom":"2019-03-26T16:34:21","TimeTo":"2019-03-26T16:39:24","Situation":"flat","Value":0.00000000},{"TimeFrom":"2019-03-26T16:39:15","TimeTo":"2019-03-26T16:44:15","Situation":"flat","Value":0.00000000},{"TimeFrom":"2019-03-26T16:39:24","TimeTo":"2019-03-26T16:44:25","Situation":"flat","Value":0.00000000},{"TimeFrom":"2019-03-26T16:44:15","TimeTo":"2019-03-26T16:49:16","Situation":"flat","Value":0.00000000},{"TimeFrom":"2019-03-26T16:44:25","TimeTo":"2019-03-26T16:49:26","Situation":"flat","Value":0.00000000},{"TimeFrom":"2019-03-26T16:49:16","TimeTo":"2019-03-26T16:54:19","Situation":"flat","Value":0.00000000},{"TimeFrom":"2019-03-26T16:49:26","TimeTo":"2019-03-26T16:54:30","Situation":"flat","Value":0.00000000},{"TimeFrom":"2019-03-26T16:54:19","TimeTo":"2019-03-26T16:59:22","Situation":"flat","Value":0.00000000},{"TimeFrom":"2019-03-26T16:54:30","TimeTo":"2019-03-26T16:59:31","Situation":"flat","Value":0.00000000},{"TimeFrom":"2019-03-26T16:59:22","TimeTo":"2019-03-26T17:04:26","Situation":"flat","Value":0.00000000},{"TimeFrom":"2019-03-26T16:59:31","TimeTo":"2019-03-26T17:04:31","Situation":"flat","Value":0.00000000},{"TimeFrom":"2019-03-26T17:04:26","TimeTo":"2019-03-26T17:09:29","Situation":"flat","Value":0.00000000},{"TimeFrom":"2019-03-26T17:04:31","TimeTo":"2019-03-26T17:09:34","Situation":"flat","Value":0.00000000},{"TimeFrom":"2019-03-26T17:09:29","TimeTo":"2019-03-26T17:14:33","Situation":"flat","Value":0.00000000},{"TimeFrom":"2019-03-26T17:09:34","TimeTo":"2019-03-26T17:14:35","Situation":"flat","Value":0.00000000},{"TimeFrom":"2019-03-26T17:14:33","TimeTo":"2019-03-26T17:19:35","Situation":"flat","Value":0.00000000},{"TimeFrom":"2019-03-26T17:14:35","TimeTo":"2019-03-26T17:19:35","Situation":"flat","Value":0.00000000},{"TimeFrom":"2019-03-26T17:19:35","TimeTo":"2019-03-26T17:24:39","Situation":"flat","Value":0.00000000},{"TimeFrom":"2019-03-26T17:19:35","TimeTo":"2019-03-26T17:24:39","Situation":"flat","Value":0.00000000},{"TimeFrom":"2019-03-26T17:24:39","TimeTo":"2019-03-26T17:29:39","Situation":"flat","Value":0.00000000},{"TimeFrom":"2019-03-26T17:24:39","TimeTo":"2019-03-26T17:29:39","Situation":"flat","Value":0.00000000},{"TimeFrom":"2019-03-26T17:29:39","TimeTo":"2019-03-26T17:34:39","Situation":"flat","Value":0.00000000},{"TimeFrom":"2019-03-26T17:29:39","TimeTo":"2019-03-26T17:34:40","Situation":"flat","Value":0.00000000},{"TimeFrom":"2019-03-26T17:34:39","TimeTo":"2019-03-26T17:39:40","Situation":"flat","Value":0.00000000},{"TimeFrom":"2019-03-26T17:34:40","TimeTo":"2019-03-26T17:39:40","Situation":"flat","Value":0.00000000},{"TimeFrom":"2019-03-26T17:39:40","TimeTo":"2019-03-26T17:44:44","Situation":"flat","Value":0.00000000},{"TimeFrom":"2019-03-26T17:39:40","TimeTo":"2019-03-26T17:44:44","Situation":"flat","Value":0.00000000},{"TimeFrom":"2019-03-26T17:44:44","TimeTo":"2019-03-26T17:49:46","Situation":"flat","Value":0.00000000},{"TimeFrom":"2019-03-26T17:44:44","TimeTo":"2019-03-26T17:49:47","Situation":"flat","Value":0.00000000},{"TimeFrom":"2019-03-26T17:49:46","TimeTo":"2019-03-26T17:54:49","Situation":"flat","Value":508589.50000000},{"TimeFrom":"2019-03-26T17:49:47","TimeTo":"2019-03-26T17:54:49","Situation":"flat","Value":508589.50000000},{"TimeFrom":"2019-03-26T17:54:49","TimeTo":"2019-03-26T17:59:50","Situation":"flat","Value":0.00000000},{"TimeFrom":"2019-03-26T17:54:49","TimeTo":"2019-03-26T17:59:50","Situation":"flat","Value":0.00000000},{"TimeFrom":"2019-03-26T17:59:50","TimeTo":"2019-03-26T18:04:53","Situation":"flat","Value":0.00000000},{"TimeFrom":"2019-03-26T17:59:50","TimeTo":"2019-03-26T18:04:53","Situation":"flat","Value":0.00000000},{"TimeFrom":"2019-03-26T18:04:53","TimeTo":"2019-03-26T18:09:55","Situation":"flat","Value":0.00000000},{"TimeFrom":"2019-03-26T18:04:53","TimeTo":"2019-03-26T18:09:55","Situation":"flat","Value":0.00000000},{"TimeFrom":"2019-03-26T18:09:55","TimeTo":"2019-03-26T18:14:55","Situation":"flat","Value":0.00000000},{"TimeFrom":"2019-03-26T18:09:55","TimeTo":"2019-03-26T18:14:56","Situation":"flat","Value":0.00000000},{"TimeFrom":"2019-03-26T18:14:55","TimeTo":"2019-03-26T18:19:59","Situation":"flat","Value":308713.70000000},{"TimeFrom":"2019-03-26T18:14:56","TimeTo":"2019-03-26T18:19:59","Situation":"flat","Value":308713.70000000},{"TimeFrom":"2019-03-26T18:19:59","TimeTo":"2019-03-26T18:25:00","Situation":"flat","Value":0.00000000},{"TimeFrom":"2019-03-26T18:19:59","TimeTo":"2019-03-26T18:25:00","Situation":"flat","Value":0.00000000},{"TimeFrom":"2019-03-26T18:25:00","TimeTo":"2019-03-26T18:30:00","Situation":"flat","Value":826153.00000000},{"TimeFrom":"2019-03-26T18:25:00","TimeTo":"2019-03-26T18:30:04","Situation":"flat","Value":826153.00000000},{"TimeFrom":"2019-03-26T18:30:00","TimeTo":"2019-03-26T18:35:10","Situation":"flat","Value":0.00000000},{"TimeFrom":"2019-03-26T18:30:04","TimeTo":"2019-03-26T18:35:09","Situation":"flat","Value":0.00000000},{"TimeFrom":"2019-03-26T18:35:09","TimeTo":"2019-03-26T18:40:12","Situation":"flat","Value":0.00000000},{"TimeFrom":"2019-03-26T18:35:10","TimeTo":"2019-03-26T18:40:12","Situation":"flat","Value":0.00000000},{"TimeFrom":"2019-03-26T18:40:12","TimeTo":"2019-03-26T18:45:12","Situation":"flat","Value":0.00000000},{"TimeFrom":"2019-03-26T18:40:12","TimeTo":"2019-03-26T18:45:12","Situation":"flat","Value":0.00000000},{"TimeFrom":"2019-03-26T18:45:12","TimeTo":"2019-03-26T18:50:15","Situation":"flat","Value":0.00000000},{"TimeFrom":"2019-03-26T18:45:12","TimeTo":"2019-03-26T18:50:15","Situation":"flat","Value":0.00000000},{"TimeFrom":"2019-03-26T18:50:15","TimeTo":"2019-03-26T18:55:15","Situation":"flat","Value":0.00000000},{"TimeFrom":"2019-03-26T18:50:15","TimeTo":"2019-03-26T18:55:15","Situation":"flat","Value":0.00000000},{"TimeFrom":"2019-03-26T18:55:15","TimeTo":"2019-03-26T19:00:16","Situation":"flat","Value":0.00000000},{"TimeFrom":"2019-03-26T18:55:15","TimeTo":"2019-03-26T19:00:17","Situation":"flat","Value":0.00000000},{"TimeFrom":"2019-03-26T19:00:16","TimeTo":"2019-03-26T19:05:16","Situation":"flat","Value":0.00000000},{"TimeFrom":"2019-03-26T19:00:17","TimeTo":"2019-03-26T19:05:21","Situation":"flat","Value":0.00000000},{"TimeFrom":"2019-03-26T19:05:16","TimeTo":"2019-03-26T19:10:20","Situation":"flat","Value":0.00000000},{"TimeFrom":"2019-03-26T19:05:21","TimeTo":"2019-03-26T19:10:24","Situation":"flat","Value":0.00000000},{"TimeFrom":"2019-03-26T19:10:20","TimeTo":"2019-03-26T19:15:21","Situation":"flat","Value":0.00000000},{"TimeFrom":"2019-03-26T19:10:24","TimeTo":"2019-03-26T19:15:26","Situation":"flat","Value":0.00000000},{"TimeFrom":"2019-03-26T19:15:21","TimeTo":"2019-03-26T19:20:24","Situation":"flat","Value":0.00000000},{"TimeFrom":"2019-03-26T19:15:26","TimeTo":"2019-03-26T19:20:30","Situation":"flat","Value":0.00000000},{"TimeFrom":"2019-03-26T19:20:24","TimeTo":"2019-03-26T19:25:26","Situation":"flat","Value":0.00000000},{"TimeFrom":"2019-03-26T19:20:30","TimeTo":"2019-03-26T19:25:34","Situation":"flat","Value":0.00000000},{"TimeFrom":"2019-03-26T19:25:26","TimeTo":"2019-03-26T19:30:30","Situation":"flat","Value":0.00000000},{"TimeFrom":"2019-03-26T19:25:34","TimeTo":"2019-03-26T19:30:35","Situation":"flat","Value":0.00000000},{"TimeFrom":"2019-03-26T19:30:30","TimeTo":"2019-03-26T19:35:31","Situation":"flat","Value":0.00000000},{"TimeFrom":"2019-03-26T19:30:35","TimeTo":"2019-03-26T19:35:36","Situation":"flat","Value":0.00000000},{"TimeFrom":"2019-03-26T19:35:31","TimeTo":"2019-03-26T19:40:31","Situation":"flat","Value":0.00000000},{"TimeFrom":"2019-03-26T19:35:36","TimeTo":"2019-03-26T19:40:36","Situation":"flat","Value":458910.90000000},{"TimeFrom":"2019-03-26T19:40:31","TimeTo":"2019-03-26T19:45:34","Situation":"flat","Value":458910.90000000},{"TimeFrom":"2019-03-26T19:40:36","TimeTo":"2019-03-26T19:45:39","Situation":"flat","Value":0.00000000},{"TimeFrom":"2019-03-26T19:45:34","TimeTo":"2019-03-26T19:50:35","Situation":"flat","Value":0.00000000},{"TimeFrom":"2019-03-26T19:45:39","TimeTo":"2019-03-26T19:50:40","Situation":"flat","Value":0.00000000},{"TimeFrom":"2019-03-26T19:50:35","TimeTo":"2019-03-26T19:55:35","Situation":"flat","Value":0.00000000},{"TimeFrom":"2019-03-26T19:50:40","TimeTo":"2019-03-26T19:55:40","Situation":"flat","Value":0.00000000},{"TimeFrom":"2019-03-26T19:55:35","TimeTo":"2019-03-26T20:00:36","Situation":"flat","Value":0.00000000},{"TimeFrom":"2019-03-26T19:55:40","TimeTo":"2019-03-26T20:00:41","Situation":"flat","Value":0.00000000},{"TimeFrom":"2019-03-26T20:00:36","TimeTo":"2019-03-26T20:05:36","Situation":"flat","Value":0.00000000},{"TimeFrom":"2019-03-26T20:00:41","TimeTo":"2019-03-26T20:05:42","Situation":"flat","Value":0.00000000},{"TimeFrom":"2019-03-26T20:05:36","TimeTo":"2019-03-26T20:10:37","Situation":"flat","Value":0.00000000},{"TimeFrom":"2019-03-26T20:05:42","TimeTo":"2019-03-26T20:10:42","Situation":"flat","Value":0.00000000},{"TimeFrom":"2019-03-26T20:10:37","TimeTo":"2019-03-26T20:15:39","Situation":"flat","Value":0.00000000},{"TimeFrom":"2019-03-26T20:10:42","TimeTo":"2019-03-26T20:15:44","Situation":"flat","Value":0.00000000},{"TimeFrom":"2019-03-26T20:15:39","TimeTo":"2019-03-26T20:20:41","Situation":"flat","Value":0.00000000},{"TimeFrom":"2019-03-26T20:15:44","TimeTo":"2019-03-26T20:20:45","Situation":"flat","Value":0.00000000},{"TimeFrom":"2019-03-26T20:20:41","TimeTo":"2019-03-26T20:25:44","Situation":"flat","Value":0.00000000},{"TimeFrom":"2019-03-26T20:20:45","TimeTo":"2019-03-26T20:25:49","Situation":"flat","Value":0.00000000},{"TimeFrom":"2019-03-26T20:25:44","TimeTo":"2019-03-26T20:30:46","Situation":"flat","Value":0.00000000},{"TimeFrom":"2019-03-26T20:25:49","TimeTo":"2019-03-26T20:30:51","Situation":"flat","Value":0.00000000},{"TimeFrom":"2019-03-26T20:30:46","TimeTo":"2019-03-26T20:35:50","Situation":"flat","Value":0.00000000},{"TimeFrom":"2019-03-26T20:30:51","TimeTo":"2019-03-26T20:35:51","Situation":"flat","Value":0.00000000},{"TimeFrom":"2019-03-26T20:35:50","TimeTo":"2019-03-26T20:40:54","Situation":"flat","Value":0.00000000},{"TimeFrom":"2019-03-26T20:35:51","TimeTo":"2019-03-26T20:40:55","Situation":"flat","Value":0.00000000},{"TimeFrom":"2019-03-26T20:40:54","TimeTo":"2019-03-26T20:45:55","Situation":"flat","Value":0.00000000},{"TimeFrom":"2019-03-26T20:40:55","TimeTo":"2019-03-26T20:45:55","Situation":"flat","Value":0.00000000},{"TimeFrom":"2019-03-26T20:45:55","TimeTo":"2019-03-26T20:50:59","Situation":"flat","Value":0.00000000},{"TimeFrom":"2019-03-26T20:45:55","TimeTo":"2019-03-26T20:50:59","Situation":"flat","Value":0.00000000},{"TimeFrom":"2019-03-26T20:50:59","TimeTo":"2019-03-26T20:56:00","Situation":"flat","Value":0.00000000},{"TimeFrom":"2019-03-26T20:50:59","TimeTo":"2019-03-26T20:56:04","Situation":"flat","Value":0.00000000}]}
