{"OrderBookAsks":[{"Time":"2019-02-28T20:13:55","Situation":"unknown","Type":"ask","Price":3.54970000,"Amount":9840.25000000,"Done":false},{"Time":"2019-02-28T20:13:55","Situation":"unknown","Type":"ask","Price":3.55180000,"Amount":10421.30000000,"Done":false},{"Time":"2019-02-28T20:13:55","Situation":"unknown","Type":"ask","Price":3.55490000,"Amount":15479.42000000,"Done":false},{"Time":"2019-02-28T20:13:55","Situation":"unknown","Type":"ask","Price":3.56830000,"Amount":10208.00000000,"Done":false},{"Time":"2019-02-28T20:13:55","Situation":"unknown","Type":"ask","Price":3.57000000,"Amount":13891.25000000,"Done":false},{"Time":"2019-02-28T20:18:59","Situation":"unknown","Type":"ask","Price":3.54260000,"Amount":8721.54000000,"Done":false},{"Time":"2019-02-28T20:18:59","Situation":"unknown","Type":"ask","Price":3.54970000,"Amount":9240.26000000,"Done":false},{"Time":"2019-02-28T20:18:59","Situation":"unknown","Type":"ask","Price":3.55360000,"Amount":11547.72000000,"Done":false},{"Time":"2019-02-28T20:18:59","Situation":"unknown","Type":"ask","Price":3.55780000,"Amount":10208.00000000,"Done":false},{"Time":"2019-02-28T20:18:59","Situation":"unknown","Type":"ask","Price":3.57000000,"Amount":13791.25000000,"Done":false},{"Time":"2019-02-28T20:24:01","Situation":"unknown","Type":"ask","Price":3.53700000,"Amount":10609.37000000,"Done":false},{"Time":"2019-02-28T20:24:01","Situation":"unknown","Type":"ask","Price":3.54300000,"Amount":11837.32000000,"Done":false},{"Time":"2019-02-28T20:24:01","Situation":"unknown","Type":"ask","Price":3.54970000,"Amount":9240.26000000,"Done":false},{"Time":"2019-02-28T20:24:01","Situation":"unknown","Type":"ask","Price":3.55780000,"Amount":10208.00000000,"Done":false},{"Time":"2019-02-28T20:24:01","Situation":"unknown","Type":"ask","Price":3.57000000,"Amount":13891.25000000,"Done":false},{"Time":"2019-02-28T20:29:03","Situation":"unknown","Type":"ask","Price":3.54280000,"Amount":8705.65000000,"Done":false},{"Time":"2019-02-28T20:29:03","Situation":"unknown","Type":"ask","Price":3.54920000,"Amount":13056.41000000,"Done":false},{"Time":"2019-02-28T20:29:03","Situation":"unknown","Type":"ask","Price":3.54970000,"Amount":9240.26000000,"Done":false},{"Time":"2019-02-28T20:29:03","Situation":"unknown","Type":"ask","Price":3.55780000,"Amount":10208.00000000,"Done":false},{"Time":"2019-02-28T20:29:03","Situation":"unknown","Type":"ask","Price":3.57000000,"Amount":13891.25000000,"Done":false},{"Time":"2019-02-28T20:34:05","Situation":"unknown","Type":"ask","Price":3.54390000,"Amount":12809.49000000,"Done":false},{"Time":"2019-02-28T20:34:05","Situation":"unknown","Type":"ask","Price":3.54920000,"Amount":13056.41000000,"Done":false},{"Time":"2019-02-28T20:34:05","Situation":"unknown","Type":"ask","Price":3.55780000,"Amount":10208.00000000,"Done":false},{"Time":"2019-02-28T20:34:05","Situation":"unknown","Type":"ask","Price":3.57000000,"Amount":13991.25000000,"Done":false},{"Time":"2019-02-28T20:39:05","Situation":"unknown","Type":"ask","Price":3.54800000,"Amount":9218.60000000,"Done":false},{"Time":"2019-02-28T20:39:05","Situation":"unknown","Type":"ask","Price":3.55110000,"Amount":8735.69000000,"Done":false},{"Time":"2019-02-28T20:39:05","Situation":"unknown","Type":"ask","Price":3.55700000,"Amount":15929.38000000,"Done":false},{"Time":"2019-02-28T20:39:05","Situation":"unknown","Type":"ask","Price":3.57000000,"Amount":13991.25000000,"Done":false},{"Time":"2019-02-28T20:39:05","Situation":"unknown","Type":"ask","Price":3.57050000,"Amount":10227.40000000,"Done":false},{"Time":"2019-02-28T20:44:09","Situation":"unknown","Type":"ask","Price":3.54800000,"Amount":9144.80000000,"Done":false},{"Time":"2019-02-28T20:44:09","Situation":"unknown","Type":"ask","Price":3.55040000,"Amount":11299.77000000,"Done":false},{"Time":"2019-02-28T20:44:09","Situation":"unknown","Type":"ask","Price":3.55950000,"Amount":18360.57000000,"Done":false},{"Time":"2019-02-28T20:44:09","Situation":"unknown","Type":"ask","Price":3.57000000,"Amount":11991.25000000,"Done":false},{"Time":"2019-02-28T20:44:09","Situation":"unknown","Type":"ask","Price":3.57050000,"Amount":10227.40000000,"Done":false},{"Time":"2019-02-28T20:49:13","Situation":"unknown","Type":"ask","Price":3.54460000,"Amount":9286.17000000,"Done":false},{"Time":"2019-02-28T20:49:13","Situation":"unknown","Type":"ask","Price":3.54760000,"Amount":9553.27000000,"Done":false},{"Time":"2019-02-28T20:49:13","Situation":"unknown","Type":"ask","Price":3.55140000,"Amount":16250.72000000,"Done":false},{"Time":"2019-02-28T20:49:13","Situation":"unknown","Type":"ask","Price":3.55950000,"Amount":10208.00000000,"Done":false},{"Time":"2019-02-28T20:49:13","Situation":"unknown","Type":"ask","Price":3.57000000,"Amount":9991.25000000,"Done":false},{"Time":"2019-02-28T20:54:13","Situation":"unknown","Type":"ask","Price":3.54400000,"Amount":9144.80000000,"Done":false},{"Time":"2019-02-28T20:54:13","Situation":"unknown","Type":"ask","Price":3.54580000,"Amount":9599.21000000,"Done":false},{"Time":"2019-02-28T20:54:13","Situation":"unknown","Type":"ask","Price":3.54650000,"Amount":13013.94000000,"Done":false},{"Time":"2019-02-28T20:54:13","Situation":"unknown","Type":"ask","Price":3.56180000,"Amount":10208.00000000,"Done":false},{"Time":"2019-02-28T20:54:13","Situation":"unknown","Type":"ask","Price":3.57000000,"Amount":10028.79000000,"Done":false},{"Time":"2019-02-28T20:59:15","Situation":"unknown","Type":"ask","Price":3.53920000,"Amount":9144.80000000,"Done":false},{"Time":"2019-02-28T20:59:15","Situation":"unknown","Type":"ask","Price":3.54330000,"Amount":10490.65000000,"Done":false},{"Time":"2019-02-28T20:59:15","Situation":"unknown","Type":"ask","Price":3.54560000,"Amount":14117.34000000,"Done":false},{"Time":"2019-02-28T20:59:15","Situation":"unknown","Type":"ask","Price":3.56180000,"Amount":10208.00000000,"Done":false},{"Time":"2019-02-28T20:59:15","Situation":"unknown","Type":"ask","Price":3.57000000,"Amount":10014.92000000,"Done":false},{"Time":"2019-02-28T21:04:15","Situation":"unknown","Type":"ask","Price":3.53860000,"Amount":9144.80000000,"Done":false},{"Time":"2019-02-28T21:04:15","Situation":"unknown","Type":"ask","Price":3.54070000,"Amount":9026.22000000,"Done":false},{"Time":"2019-02-28T21:04:15","Situation":"unknown","Type":"ask","Price":3.54920000,"Amount":11518.79000000,"Done":false},{"Time":"2019-02-28T21:04:15","Situation":"unknown","Type":"ask","Price":3.56180000,"Amount":10208.00000000,"Done":false},{"Time":"2019-02-28T21:04:15","Situation":"unknown","Type":"ask","Price":3.57000000,"Amount":9914.92000000,"Done":false},{"Time":"2019-02-28T21:09:19","Situation":"unknown","Type":"ask","Price":3.54500000,"Amount":15737.43000000,"Done":false},{"Time":"2019-02-28T21:09:19","Situation":"unknown","Type":"ask","Price":3.54690000,"Amount":8815.91000000,"Done":false},{"Time":"2019-02-28T21:09:19","Situation":"unknown","Type":"ask","Price":3.55560000,"Amount":16250.12000000,"Done":false},{"Time":"2019-02-28T21:09:19","Situation":"unknown","Type":"ask","Price":3.56180000,"Amount":10208.00000000,"Done":false},{"Time":"2019-02-28T21:09:19","Situation":"unknown","Type":"ask","Price":3.57000000,"Amount":9347.80000000,"Done":false},{"Time":"2019-02-28T21:14:19","Situation":"unknown","Type":"ask","Price":3.54690000,"Amount":21807.23000000,"Done":false},{"Time":"2019-02-28T21:14:19","Situation":"unknown","Type":"ask","Price":3.55560000,"Amount":16250.12000000,"Done":false},{"Time":"2019-02-28T21:14:19","Situation":"unknown","Type":"ask","Price":3.56180000,"Amount":10208.00000000,"Done":false},{"Time":"2019-02-28T21:14:19","Situation":"unknown","Type":"ask","Price":3.57000000,"Amount":9247.80000000,"Done":false},{"Time":"2019-02-28T21:19:19","Situation":"unknown","Type":"ask","Price":3.54370000,"Amount":10963.34000000,"Done":false},{"Time":"2019-02-28T21:19:19","Situation":"unknown","Type":"ask","Price":3.54650000,"Amount":18579.41000000,"Done":false},{"Time":"2019-02-28T21:19:19","Situation":"unknown","Type":"ask","Price":3.54690000,"Amount":8815.91000000,"Done":false},{"Time":"2019-02-28T21:19:19","Situation":"unknown","Type":"ask","Price":3.56180000,"Amount":10208.00000000,"Done":false},{"Time":"2019-02-28T21:19:19","Situation":"unknown","Type":"ask","Price":3.57000000,"Amount":9247.80000000,"Done":false},{"Time":"2019-02-28T21:24:22","Situation":"unknown","Type":"ask","Price":3.54570000,"Amount":10538.32000000,"Done":false},{"Time":"2019-02-28T21:24:22","Situation":"unknown","Type":"ask","Price":3.54650000,"Amount":18579.41000000,"Done":false},{"Time":"2019-02-28T21:24:22","Situation":"unknown","Type":"ask","Price":3.54690000,"Amount":8815.91000000,"Done":false},{"Time":"2019-02-28T21:24:22","Situation":"unknown","Type":"ask","Price":3.56180000,"Amount":10208.00000000,"Done":false},{"Time":"2019-02-28T21:24:22","Situation":"unknown","Type":"ask","Price":3.57000000,"Amount":9347.80000000,"Done":false},{"Time":"2019-02-28T21:29:23","Situation":"unknown","Type":"ask","Price":3.54340000,"Amount":10298.17000000,"Done":false},{"Time":"2019-02-28T21:29:23","Situation":"unknown","Type":"ask","Price":3.54690000,"Amount":8815.91000000,"Done":false},{"Time":"2019-02-28T21:29:23","Situation":"unknown","Type":"ask","Price":3.55280000,"Amount":15113.38000000,"Done":false},{"Time":"2019-02-28T21:29:23","Situation":"unknown","Type":"ask","Price":3.56180000,"Amount":10208.00000000,"Done":false},{"Time":"2019-02-28T21:29:23","Situation":"unknown","Type":"ask","Price":3.57000000,"Amount":9247.80000000,"Done":false},{"Time":"2019-02-28T21:34:27","Situation":"unknown","Type":"ask","Price":3.54690000,"Amount":8815.91000000,"Done":false},{"Time":"2019-02-28T21:34:27","Situation":"unknown","Type":"ask","Price":3.54770000,"Amount":8759.95000000,"Done":false},{"Time":"2019-02-28T21:34:27","Situation":"unknown","Type":"ask","Price":3.55280000,"Amount":15113.38000000,"Done":false},{"Time":"2019-02-28T21:34:27","Situation":"unknown","Type":"ask","Price":3.56180000,"Amount":10208.00000000,"Done":false},{"Time":"2019-02-28T21:34:27","Situation":"unknown","Type":"ask","Price":3.57000000,"Amount":6205.64000000,"Done":false},{"Time":"2019-02-28T21:39:28","Situation":"unknown","Type":"ask","Price":3.54500000,"Amount":11786.91000000,"Done":false},{"Time":"2019-02-28T21:39:28","Situation":"unknown","Type":"ask","Price":3.54690000,"Amount":8815.91000000,"Done":false},{"Time":"2019-02-28T21:39:28","Situation":"unknown","Type":"ask","Price":3.55280000,"Amount":15113.38000000,"Done":false},{"Time":"2019-02-28T21:39:28","Situation":"unknown","Type":"ask","Price":3.56180000,"Amount":10208.00000000,"Done":false},{"Time":"2019-02-28T21:39:28","Situation":"unknown","Type":"ask","Price":3.57000000,"Amount":6105.64000000,"Done":false},{"Time":"2019-02-28T21:44:32","Situation":"unknown","Type":"ask","Price":3.54520000,"Amount":9939.97000000,"Done":false},{"Time":"2019-02-28T21:44:32","Situation":"unknown","Type":"ask","Price":3.54690000,"Amount":8815.91000000,"Done":false},{"Time":"2019-02-28T21:44:32","Situation":"unknown","Type":"ask","Price":3.55050000,"Amount":18107.30000000,"Done":false},{"Time":"2019-02-28T21:44:32","Situation":"unknown","Type":"ask","Price":3.56180000,"Amount":10208.00000000,"Done":false},{"Time":"2019-02-28T21:44:32","Situation":"unknown","Type":"ask","Price":3.57000000,"Amount":6105.64000000,"Done":false},{"Time":"2019-02-28T21:49:34","Situation":"unknown","Type":"ask","Price":3.53960000,"Amount":10448.76000000,"Done":false},{"Time":"2019-02-28T21:49:34","Situation":"unknown","Type":"ask","Price":3.54690000,"Amount":8815.91000000,"Done":false},{"Time":"2019-02-28T21:49:34","Situation":"unknown","Type":"ask","Price":3.55050000,"Amount":18107.30000000,"Done":false},{"Time":"2019-02-28T21:49:34","Situation":"unknown","Type":"ask","Price":3.55080000,"Amount":10208.00000000,"Done":false},{"Time":"2019-02-28T21:49:34","Situation":"unknown","Type":"ask","Price":3.57000000,"Amount":6105.64000000,"Done":false},{"Time":"2019-02-28T21:54:36","Situation":"unknown","Type":"ask","Price":3.53860000,"Amount":10430.01000000,"Done":false},{"Time":"2019-02-28T21:54:36","Situation":"unknown","Type":"ask","Price":3.54190000,"Amount":16962.25000000,"Done":false},{"Time":"2019-02-28T21:54:36","Situation":"unknown","Type":"ask","Price":3.54690000,"Amount":8815.91000000,"Done":false},{"Time":"2019-02-28T21:54:36","Situation":"unknown","Type":"ask","Price":3.55080000,"Amount":10208.00000000,"Done":false},{"Time":"2019-02-28T21:54:36","Situation":"unknown","Type":"ask","Price":3.57000000,"Amount":6105.64000000,"Done":false},{"Time":"2019-02-28T21:59:39","Situation":"unknown","Type":"ask","Price":3.52770000,"Amount":8815.91000000,"Done":false},{"Time":"2019-02-28T21:59:39","Situation":"unknown","Type":"ask","Price":3.53450000,"Amount":8236.72000000,"Done":false},{"Time":"2019-02-28T21:59:39","Situation":"unknown","Type":"ask","Price":3.54190000,"Amount":16962.25000000,"Done":false},{"Time":"2019-02-28T21:59:39","Situation":"unknown","Type":"ask","Price":3.55080000,"Amount":10208.00000000,"Done":false},{"Time":"2019-02-28T21:59:39","Situation":"unknown","Type":"ask","Price":3.57000000,"Amount":6105.64000000,"Done":false},{"Time":"2019-02-28T22:04:43","Situation":"unknown","Type":"ask","Price":3.53350000,"Amount":8815.91000000,"Done":false},{"Time":"2019-02-28T22:04:43","Situation":"unknown","Type":"ask","Price":3.53720000,"Amount":8819.14000000,"Done":false},{"Time":"2019-02-28T22:04:43","Situation":"unknown","Type":"ask","Price":3.54190000,"Amount":16962.25000000,"Done":false},{"Time":"2019-02-28T22:04:43","Situation":"unknown","Type":"ask","Price":3.55080000,"Amount":10208.00000000,"Done":false},{"Time":"2019-02-28T22:04:43","Situation":"unknown","Type":"ask","Price":3.57000000,"Amount":6105.64000000,"Done":false},{"Time":"2019-02-28T22:09:45","Situation":"unknown","Type":"ask","Price":3.53550000,"Amount":11595.26000000,"Done":false},{"Time":"2019-02-28T22:09:45","Situation":"unknown","Type":"ask","Price":3.53650000,"Amount":8815.91000000,"Done":false},{"Time":"2019-02-28T22:09:45","Situation":"unknown","Type":"ask","Price":3.54190000,"Amount":16962.25000000,"Done":false},{"Time":"2019-02-28T22:09:45","Situation":"unknown","Type":"ask","Price":3.55080000,"Amount":10208.00000000,"Done":false},{"Time":"2019-02-28T22:09:45","Situation":"unknown","Type":"ask","Price":3.57000000,"Amount":6105.64000000,"Done":false},{"Time":"2019-02-28T22:14:49","Situation":"unknown","Type":"ask","Price":3.53650000,"Amount":8815.91000000,"Done":false},{"Time":"2019-02-28T22:14:49","Situation":"unknown","Type":"ask","Price":3.53770000,"Amount":12658.27000000,"Done":false},{"Time":"2019-02-28T22:14:49","Situation":"unknown","Type":"ask","Price":3.54190000,"Amount":16962.25000000,"Done":false},{"Time":"2019-02-28T22:14:49","Situation":"unknown","Type":"ask","Price":3.55080000,"Amount":10208.00000000,"Done":false},{"Time":"2019-02-28T22:14:49","Situation":"unknown","Type":"ask","Price":3.57000000,"Amount":6105.64000000,"Done":false},{"Time":"2019-02-28T22:19:53","Situation":"unknown","Type":"ask","Price":3.53430000,"Amount":12797.54000000,"Done":false},{"Time":"2019-02-28T22:19:53","Situation":"unknown","Type":"ask","Price":3.53650000,"Amount":8815.91000000,"Done":false},{"Time":"2019-02-28T22:19:53","Situation":"unknown","Type":"ask","Price":3.54190000,"Amount":16962.25000000,"Done":false},{"Time":"2019-02-28T22:19:53","Situation":"unknown","Type":"ask","Price":3.55080000,"Amount":10208.00000000,"Done":false},{"Time":"2019-02-28T22:19:53","Situation":"unknown","Type":"ask","Price":3.57000000,"Amount":6068.10000000,"Done":false},{"Time":"2019-02-28T22:24:57","Situation":"unknown","Type":"ask","Price":3.53090000,"Amount":9982.50000000,"Done":false},{"Time":"2019-02-28T22:24:57","Situation":"unknown","Type":"ask","Price":3.53650000,"Amount":8815.91000000,"Done":false},{"Time":"2019-02-28T22:24:57","Situation":"unknown","Type":"ask","Price":3.54190000,"Amount":16962.25000000,"Done":false},{"Time":"2019-02-28T22:24:57","Situation":"unknown","Type":"ask","Price":3.55080000,"Amount":10208.00000000,"Done":false},{"Time":"2019-02-28T22:24:57","Situation":"unknown","Type":"ask","Price":3.57000000,"Amount":6068.10000000,"Done":false},{"Time":"2019-02-28T22:27:27","Situation":"unknown","Type":"ask","Price":3.50430000,"Amount":10446.96000000,"Done":false},{"Time":"2019-02-28T22:27:27","Situation":"unknown","Type":"ask","Price":3.52270000,"Amount":17029.97000000,"Done":false},{"Time":"2019-02-28T22:27:27","Situation":"unknown","Type":"ask","Price":3.52890000,"Amount":10208.00000000,"Done":false},{"Time":"2019-02-28T22:27:27","Situation":"unknown","Type":"ask","Price":3.57000000,"Amount":6068.10000000,"Done":false},{"Time":"2019-02-28T22:30:15","Situation":"unknown","Type":"ask","Price":3.49450000,"Amount":8680.22000000,"Done":false},{"Time":"2019-02-28T22:30:15","Situation":"unknown","Type":"ask","Price":3.49540000,"Amount":8781.96000000,"Done":false},{"Time":"2019-02-28T22:30:15","Situation":"unknown","Type":"ask","Price":3.50760000,"Amount":16926.95000000,"Done":false},{"Time":"2019-02-28T22:30:15","Situation":"unknown","Type":"ask","Price":3.50780000,"Amount":10208.00000000,"Done":false},{"Time":"2019-02-28T22:35:18","Situation":"unknown","Type":"ask","Price":3.50210000,"Amount":8781.96000000,"Done":false},{"Time":"2019-02-28T22:35:18","Situation":"unknown","Type":"ask","Price":3.50710000,"Amount":8751.67000000,"Done":false},{"Time":"2019-02-28T22:35:18","Situation":"unknown","Type":"ask","Price":3.51390000,"Amount":13843.24000000,"Done":false},{"Time":"2019-02-28T22:35:18","Situation":"unknown","Type":"ask","Price":3.53860000,"Amount":10208.00000000,"Done":false},{"Time":"2019-02-28T22:35:18","Situation":"unknown","Type":"ask","Price":3.57000000,"Amount":6068.10000000,"Done":false},{"Time":"2019-02-28T22:40:21","Situation":"unknown","Type":"ask","Price":3.50290000,"Amount":8842.62000000,"Done":false},{"Time":"2019-02-28T22:40:21","Situation":"unknown","Type":"ask","Price":3.50510000,"Amount":16227.93000000,"Done":false},{"Time":"2019-02-28T22:40:21","Situation":"unknown","Type":"ask","Price":3.51380000,"Amount":8781.96000000,"Done":false},{"Time":"2019-02-28T22:40:21","Situation":"unknown","Type":"ask","Price":3.52400000,"Amount":10208.00000000,"Done":false},{"Time":"2019-02-28T22:45:22","Situation":"unknown","Type":"ask","Price":3.50690000,"Amount":9112.77000000,"Done":false},{"Time":"2019-02-28T22:45:22","Situation":"unknown","Type":"ask","Price":3.51260000,"Amount":17044.67000000,"Done":false},{"Time":"2019-02-28T22:45:22","Situation":"unknown","Type":"ask","Price":3.51380000,"Amount":8781.96000000,"Done":false},{"Time":"2019-02-28T22:45:22","Situation":"unknown","Type":"ask","Price":3.52400000,"Amount":10208.00000000,"Done":false},{"Time":"2019-02-28T22:50:22","Situation":"unknown","Type":"ask","Price":3.51380000,"Amount":8781.96000000,"Done":false},{"Time":"2019-02-28T22:50:22","Situation":"unknown","Type":"ask","Price":3.51690000,"Amount":12584.93000000,"Done":false},{"Time":"2019-02-28T22:50:22","Situation":"unknown","Type":"ask","Price":3.51910000,"Amount":15982.84000000,"Done":false},{"Time":"2019-02-28T22:50:22","Situation":"unknown","Type":"ask","Price":3.52400000,"Amount":10208.00000000,"Done":false},{"Time":"2019-02-28T22:54:44","Situation":"unknown","Type":"ask","Price":3.52020000,"Amount":9510.44000000,"Done":false},{"Time":"2019-02-28T22:54:44","Situation":"unknown","Type":"ask","Price":3.52460000,"Amount":10895.53000000,"Done":false},{"Time":"2019-02-28T22:54:44","Situation":"unknown","Type":"ask","Price":3.52530000,"Amount":14679.81000000,"Done":false},{"Time":"2019-02-28T22:54:44","Situation":"unknown","Type":"ask","Price":3.53590000,"Amount":10208.00000000,"Done":false},{"Time":"2019-02-28T22:54:44","Situation":"unknown","Type":"ask","Price":3.57000000,"Amount":6068.10000000,"Done":false},{"Time":"2019-02-28T22:59:48","Situation":"unknown","Type":"ask","Price":3.52330000,"Amount":8781.96000000,"Done":false},{"Time":"2019-02-28T22:59:48","Situation":"unknown","Type":"ask","Price":3.52470000,"Amount":11336.78000000,"Done":false},{"Time":"2019-02-28T22:59:48","Situation":"unknown","Type":"ask","Price":3.52530000,"Amount":14508.92000000,"Done":false},{"Time":"2019-02-28T22:59:48","Situation":"unknown","Type":"ask","Price":3.53590000,"Amount":10208.00000000,"Done":false},{"Time":"2019-02-28T23:04:52","Situation":"unknown","Type":"ask","Price":3.52330000,"Amount":8781.96000000,"Done":false},{"Time":"2019-02-28T23:04:52","Situation":"unknown","Type":"ask","Price":3.52840000,"Amount":11147.30000000,"Done":false},{"Time":"2019-02-28T23:04:52","Situation":"unknown","Type":"ask","Price":3.53180000,"Amount":18151.67000000,"Done":false},{"Time":"2019-02-28T23:04:52","Situation":"unknown","Type":"ask","Price":3.53590000,"Amount":10208.00000000,"Done":false},{"Time":"2019-02-28T23:09:55","Situation":"unknown","Type":"ask","Price":3.52960000,"Amount":8762.11000000,"Done":false},{"Time":"2019-02-28T23:09:55","Situation":"unknown","Type":"ask","Price":3.53400000,"Amount":9788.40000000,"Done":false},{"Time":"2019-02-28T23:09:55","Situation":"unknown","Type":"ask","Price":3.53430000,"Amount":11720.75000000,"Done":false},{"Time":"2019-02-28T23:09:55","Situation":"unknown","Type":"ask","Price":3.54710000,"Amount":10208.00000000,"Done":false},{"Time":"2019-02-28T23:09:55","Situation":"unknown","Type":"ask","Price":3.57000000,"Amount":6068.10000000,"Done":false},{"Time":"2019-02-28T23:10:10","Situation":"unknown","Type":"ask","Price":3.53260000,"Amount":8762.11000000,"Done":false},{"Time":"2019-02-28T23:10:10","Situation":"unknown","Type":"ask","Price":3.54710000,"Amount":10208.00000000,"Done":false},{"Time":"2019-02-28T23:10:10","Situation":"unknown","Type":"ask","Price":3.57000000,"Amount":6068.10000000,"Done":false},{"Time":"2019-02-28T23:11:47","Situation":"unknown","Type":"ask","Price":3.50900000,"Amount":8762.11000000,"Done":false},{"Time":"2019-02-28T23:11:47","Situation":"unknown","Type":"ask","Price":3.51330000,"Amount":8705.37000000,"Done":false},{"Time":"2019-02-28T23:11:47","Situation":"unknown","Type":"ask","Price":3.51770000,"Amount":8036.65000000,"Done":false},{"Time":"2019-02-28T23:11:47","Situation":"unknown","Type":"ask","Price":3.53610000,"Amount":10213.59000000,"Done":false},{"Time":"2019-02-28T23:13:51","Situation":"unknown","Type":"ask","Price":3.53080000,"Amount":8762.11000000,"Done":false},{"Time":"2019-02-28T23:13:51","Situation":"unknown","Type":"ask","Price":3.53640000,"Amount":11984.76000000,"Done":false},{"Time":"2019-02-28T23:13:51","Situation":"unknown","Type":"ask","Price":3.53830000,"Amount":14026.17000000,"Done":false},{"Time":"2019-02-28T23:13:51","Situation":"unknown","Type":"ask","Price":3.54720000,"Amount":10208.00000000,"Done":false},{"Time":"2019-02-28T23:13:51","Situation":"unknown","Type":"ask","Price":3.57000000,"Amount":6068.10000000,"Done":false},{"Time":"2019-02-28T23:18:52","Situation":"unknown","Type":"ask","Price":3.52880000,"Amount":8206.70000000,"Done":false},{"Time":"2019-02-28T23:18:52","Situation":"unknown","Type":"ask","Price":3.53080000,"Amount":8762.11000000,"Done":false},{"Time":"2019-02-28T23:18:52","Situation":"unknown","Type":"ask","Price":3.53970000,"Amount":12934.15000000,"Done":false},{"Time":"2019-02-28T23:18:52","Situation":"unknown","Type":"ask","Price":3.54740000,"Amount":10208.00000000,"Done":false},{"Time":"2019-02-28T23:18:52","Situation":"unknown","Type":"ask","Price":3.57000000,"Amount":6068.10000000,"Done":false},{"Time":"2019-02-28T23:23:55","Situation":"unknown","Type":"ask","Price":3.52070000,"Amount":8762.11000000,"Done":false},{"Time":"2019-02-28T23:23:55","Situation":"unknown","Type":"ask","Price":3.52710000,"Amount":10488.22000000,"Done":false},{"Time":"2019-02-28T23:23:55","Situation":"unknown","Type":"ask","Price":3.53010000,"Amount":16562.85000000,"Done":false},{"Time":"2019-02-28T23:23:55","Situation":"unknown","Type":"ask","Price":3.53650000,"Amount":10208.00000000,"Done":false},{"Time":"2019-02-28T23:28:57","Situation":"unknown","Type":"ask","Price":3.52380000,"Amount":8772.70000000,"Done":false},{"Time":"2019-02-28T23:28:57","Situation":"unknown","Type":"ask","Price":3.52490000,"Amount":10588.62000000,"Done":false},{"Time":"2019-02-28T23:28:57","Situation":"unknown","Type":"ask","Price":3.53010000,"Amount":16562.85000000,"Done":false},{"Time":"2019-02-28T23:28:57","Situation":"unknown","Type":"ask","Price":3.53650000,"Amount":10208.00000000,"Done":false},{"Time":"2019-02-28T23:34:00","Situation":"unknown","Type":"ask","Price":3.52380000,"Amount":8772.70000000,"Done":false},{"Time":"2019-02-28T23:34:00","Situation":"unknown","Type":"ask","Price":3.52550000,"Amount":9763.23000000,"Done":false},{"Time":"2019-02-28T23:34:00","Situation":"unknown","Type":"ask","Price":3.53010000,"Amount":16562.85000000,"Done":false},{"Time":"2019-02-28T23:34:00","Situation":"unknown","Type":"ask","Price":3.53650000,"Amount":10208.00000000,"Done":false},{"Time":"2019-02-28T23:39:03","Situation":"unknown","Type":"ask","Price":3.52380000,"Amount":9372.69000000,"Done":false},{"Time":"2019-02-28T23:39:03","Situation":"unknown","Type":"ask","Price":3.52570000,"Amount":7887.65000000,"Done":false},{"Time":"2019-02-28T23:39:03","Situation":"unknown","Type":"ask","Price":3.53010000,"Amount":16562.85000000,"Done":false},{"Time":"2019-02-28T23:39:03","Situation":"unknown","Type":"ask","Price":3.53650000,"Amount":10208.00000000,"Done":false},{"Time":"2019-02-28T23:44:04","Situation":"unknown","Type":"ask","Price":3.52330000,"Amount":10336.23000000,"Done":false},{"Time":"2019-02-28T23:44:04","Situation":"unknown","Type":"ask","Price":3.52380000,"Amount":8772.70000000,"Done":false},{"Time":"2019-02-28T23:44:04","Situation":"unknown","Type":"ask","Price":3.53010000,"Amount":16562.85000000,"Done":false},{"Time":"2019-02-28T23:44:04","Situation":"unknown","Type":"ask","Price":3.53650000,"Amount":10208.00000000,"Done":false},{"Time":"2019-02-28T23:44:04","Situation":"unknown","Type":"ask","Price":3.57000000,"Amount":6110.43000000,"Done":false},{"Time":"2019-02-28T23:49:07","Situation":"unknown","Type":"ask","Price":3.51460000,"Amount":8687.11000000,"Done":false},{"Time":"2019-02-28T23:49:07","Situation":"unknown","Type":"ask","Price":3.52000000,"Amount":11565.70000000,"Done":false},{"Time":"2019-02-28T23:49:07","Situation":"unknown","Type":"ask","Price":3.53010000,"Amount":16562.85000000,"Done":false},{"Time":"2019-02-28T23:49:07","Situation":"unknown","Type":"ask","Price":3.53650000,"Amount":10208.00000000,"Done":false},{"Time":"2019-02-28T23:54:08","Situation":"unknown","Type":"ask","Price":3.52030000,"Amount":11691.86000000,"Done":false},{"Time":"2019-02-28T23:54:08","Situation":"unknown","Type":"ask","Price":3.52050000,"Amount":8695.11000000,"Done":false},{"Time":"2019-02-28T23:54:08","Situation":"unknown","Type":"ask","Price":3.53010000,"Amount":16562.85000000,"Done":false},{"Time":"2019-02-28T23:54:08","Situation":"unknown","Type":"ask","Price":3.53650000,"Amount":10208.00000000,"Done":false},{"Time":"2019-02-28T23:59:12","Situation":"unknown","Type":"ask","Price":3.51830000,"Amount":11804.77000000,"Done":false},{"Time":"2019-02-28T23:59:12","Situation":"unknown","Type":"ask","Price":3.52000000,"Amount":16828.32000000,"Done":false},{"Time":"2019-02-28T23:59:12","Situation":"unknown","Type":"ask","Price":3.52560000,"Amount":10213.59000000,"Done":false},{"Time":"2019-03-01T00:04:14","Situation":"unknown","Type":"ask","Price":3.51530000,"Amount":8687.11000000,"Done":false},{"Time":"2019-03-01T00:04:14","Situation":"unknown","Type":"ask","Price":3.51930000,"Amount":8618.22000000,"Done":false},{"Time":"2019-03-01T00:04:14","Situation":"unknown","Type":"ask","Price":3.52040000,"Amount":10853.76000000,"Done":false},{"Time":"2019-03-01T00:04:14","Situation":"unknown","Type":"ask","Price":3.53880000,"Amount":10216.13000000,"Done":false},{"Time":"2019-03-01T00:07:26","Situation":"unknown","Type":"ask","Price":3.52870000,"Amount":8687.11000000,"Done":false},{"Time":"2019-03-01T00:07:26","Situation":"unknown","Type":"ask","Price":3.53190000,"Amount":10686.20000000,"Done":false},{"Time":"2019-03-01T00:07:26","Situation":"unknown","Type":"ask","Price":3.53630000,"Amount":17719.60000000,"Done":false},{"Time":"2019-03-01T00:07:26","Situation":"unknown","Type":"ask","Price":3.55150000,"Amount":10208.00000000,"Done":false},{"Time":"2019-03-01T00:12:26","Situation":"unknown","Type":"ask","Price":3.53140000,"Amount":8777.03000000,"Done":false},{"Time":"2019-03-01T00:12:26","Situation":"unknown","Type":"ask","Price":3.53190000,"Amount":9470.11000000,"Done":false},{"Time":"2019-03-01T00:12:26","Situation":"unknown","Type":"ask","Price":3.54270000,"Amount":13743.39000000,"Done":false},{"Time":"2019-03-01T00:12:26","Situation":"unknown","Type":"ask","Price":3.55150000,"Amount":10208.00000000,"Done":false},{"Time":"2019-03-01T00:17:27","Situation":"unknown","Type":"ask","Price":3.53190000,"Amount":8687.11000000,"Done":false},{"Time":"2019-03-01T00:17:27","Situation":"unknown","Type":"ask","Price":3.53280000,"Amount":16171.77000000,"Done":false},{"Time":"2019-03-01T00:17:27","Situation":"unknown","Type":"ask","Price":3.53920000,"Amount":18626.28000000,"Done":false},{"Time":"2019-03-01T00:17:27","Situation":"unknown","Type":"ask","Price":3.55150000,"Amount":10208.00000000,"Done":false},{"Time":"2019-03-01T00:17:27","Situation":"unknown","Type":"ask","Price":3.57000000,"Amount":6068.10000000,"Done":false},{"Time":"2019-03-01T00:22:28","Situation":"unknown","Type":"ask","Price":3.53190000,"Amount":8687.11000000,"Done":false},{"Time":"2019-03-01T00:22:28","Situation":"unknown","Type":"ask","Price":3.53390000,"Amount":9212.92000000,"Done":false},{"Time":"2019-03-01T00:22:28","Situation":"unknown","Type":"ask","Price":3.53920000,"Amount":18626.28000000,"Done":false},{"Time":"2019-03-01T00:22:28","Situation":"unknown","Type":"ask","Price":3.55150000,"Amount":10208.00000000,"Done":false},{"Time":"2019-03-01T00:22:28","Situation":"unknown","Type":"ask","Price":3.57000000,"Amount":6068.10000000,"Done":false},{"Time":"2019-03-01T00:27:28","Situation":"unknown","Type":"ask","Price":3.52200000,"Amount":9617.82000000,"Done":false},{"Time":"2019-03-01T00:27:28","Situation":"unknown","Type":"ask","Price":3.53190000,"Amount":8687.11000000,"Done":false},{"Time":"2019-03-01T00:27:28","Situation":"unknown","Type":"ask","Price":3.53620000,"Amount":8519.20000000,"Done":false},{"Time":"2019-03-01T00:27:28","Situation":"unknown","Type":"ask","Price":3.53920000,"Amount":18626.28000000,"Done":false},{"Time":"2019-03-01T00:27:28","Situation":"unknown","Type":"ask","Price":3.55150000,"Amount":10208.00000000,"Done":false},{"Time":"2019-03-01T00:27:28","Situation":"unknown","Type":"ask","Price":3.57000000,"Amount":6068.10000000,"Done":false},{"Time":"2019-03-01T00:32:31","Situation":"unknown","Type":"ask","Price":3.53020000,"Amount":8687.11000000,"Done":false},{"Time":"2019-03-01T00:32:31","Situation":"unknown","Type":"ask","Price":3.53350000,"Amount":11108.77000000,"Done":false},{"Time":"2019-03-01T00:32:31","Situation":"unknown","Type":"ask","Price":3.53920000,"Amount":18626.28000000,"Done":false},{"Time":"2019-03-01T00:32:31","Situation":"unknown","Type":"ask","Price":3.55150000,"Amount":10208.00000000,"Done":false},{"Time":"2019-03-01T00:37:31","Situation":"unknown","Type":"ask","Price":3.54500000,"Amount":13975.09000000,"Done":false},{"Time":"2019-03-01T00:37:31","Situation":"unknown","Type":"ask","Price":3.54650000,"Amount":14074.28000000,"Done":false},{"Time":"2019-03-01T00:37:31","Situation":"unknown","Type":"ask","Price":3.55150000,"Amount":10208.00000000,"Done":false},{"Time":"2019-03-01T00:37:31","Situation":"unknown","Type":"ask","Price":3.57000000,"Amount":6068.10000000,"Done":false},{"Time":"2019-03-01T00:38:36","Situation":"unknown","Type":"ask","Price":3.54500000,"Amount":12391.66000000,"Done":false},{"Time":"2019-03-01T00:38:36","Situation":"unknown","Type":"ask","Price":3.54650000,"Amount":14074.28000000,"Done":false},{"Time":"2019-03-01T00:38:36","Situation":"unknown","Type":"ask","Price":3.57000000,"Amount":6068.10000000,"Done":false},{"Time":"2019-03-01T00:38:36","Situation":"unknown","Type":"ask","Price":3.57650000,"Amount":10208.00000000,"Done":false},{"Time":"2019-03-01T00:43:36","Situation":"unknown","Type":"ask","Price":3.53110000,"Amount":9914.87000000,"Done":false},{"Time":"2019-03-01T00:43:36","Situation":"unknown","Type":"ask","Price":3.53170000,"Amount":14406.58000000,"Done":false},{"Time":"2019-03-01T00:43:36","Situation":"unknown","Type":"ask","Price":3.55190000,"Amount":8828.55000000,"Done":false},{"Time":"2019-03-01T00:43:36","Situation":"unknown","Type":"ask","Price":3.55300000,"Amount":12010.82000000,"Done":false},{"Time":"2019-03-01T00:43:36","Situation":"unknown","Type":"ask","Price":3.56540000,"Amount":10208.00000000,"Done":false},{"Time":"2019-03-01T00:43:36","Situation":"unknown","Type":"ask","Price":3.57000000,"Amount":6068.10000000,"Done":false},{"Time":"2019-03-01T00:45:15","Situation":"unknown","Type":"ask","Price":3.53110000,"Amount":9612.21000000,"Done":false},{"Time":"2019-03-01T00:45:15","Situation":"unknown","Type":"ask","Price":3.55480000,"Amount":8530.53000000,"Done":false},{"Time":"2019-03-01T00:45:15","Situation":"unknown","Type":"ask","Price":3.55990000,"Amount":17005.27000000,"Done":false},{"Time":"2019-03-01T00:45:15","Situation":"unknown","Type":"ask","Price":3.56540000,"Amount":10208.00000000,"Done":false},{"Time":"2019-03-01T00:45:15","Situation":"unknown","Type":"ask","Price":3.57000000,"Amount":6068.10000000,"Done":false},{"Time":"2019-03-01T00:50:16","Situation":"unknown","Type":"ask","Price":3.55440000,"Amount":10208.00000000,"Done":false},{"Time":"2019-03-01T00:50:16","Situation":"unknown","Type":"ask","Price":3.56020000,"Amount":9525.51000000,"Done":false},{"Time":"2019-03-01T00:50:16","Situation":"unknown","Type":"ask","Price":3.56090000,"Amount":8279.46000000,"Done":false},{"Time":"2019-03-01T00:50:16","Situation":"unknown","Type":"ask","Price":3.57000000,"Amount":6068.10000000,"Done":false},{"Time":"2019-03-01T00:55:18","Situation":"unknown","Type":"ask","Price":3.55440000,"Amount":10208.00000000,"Done":false},{"Time":"2019-03-01T00:55:18","Situation":"unknown","Type":"ask","Price":3.56710000,"Amount":12551.43000000,"Done":false},{"Time":"2019-03-01T00:55:18","Situation":"unknown","Type":"ask","Price":3.56740000,"Amount":8036.61000000,"Done":false},{"Time":"2019-03-01T00:55:18","Situation":"unknown","Type":"ask","Price":3.57000000,"Amount":6068.10000000,"Done":false},{"Time":"2019-03-01T01:00:21","Situation":"unknown","Type":"ask","Price":3.55440000,"Amount":10208.00000000,"Done":false},{"Time":"2019-03-01T01:00:21","Situation":"unknown","Type":"ask","Price":3.57000000,"Amount":6068.10000000,"Done":false},{"Time":"2019-03-01T01:00:21","Situation":"unknown","Type":"ask","Price":3.57360000,"Amount":13857.06000000,"Done":false},{"Time":"2019-03-01T01:00:21","Situation":"unknown","Type":"ask","Price":3.57430000,"Amount":12837.57000000,"Done":false},{"Time":"2019-03-01T01:05:22","Situation":"unknown","Type":"ask","Price":3.55440000,"Amount":10208.00000000,"Done":false},{"Time":"2019-03-01T01:05:22","Situation":"unknown","Type":"ask","Price":3.57000000,"Amount":6068.10000000,"Done":false},{"Time":"2019-03-01T01:05:22","Situation":"unknown","Type":"ask","Price":3.58050000,"Amount":16583.33000000,"Done":false},{"Time":"2019-03-01T01:05:22","Situation":"unknown","Type":"ask","Price":3.58080000,"Amount":8767.06000000,"Done":false},{"Time":"2019-03-01T01:10:22","Situation":"unknown","Type":"ask","Price":3.55440000,"Amount":10208.00000000,"Done":false},{"Time":"2019-03-01T01:10:22","Situation":"unknown","Type":"ask","Price":3.57000000,"Amount":6068.10000000,"Done":false},{"Time":"2019-03-01T01:10:22","Situation":"unknown","Type":"ask","Price":3.58700000,"Amount":17611.94000000,"Done":false},{"Time":"2019-03-01T01:15:24","Situation":"unknown","Type":"ask","Price":3.55440000,"Amount":10208.00000000,"Done":false},{"Time":"2019-03-01T01:15:24","Situation":"unknown","Type":"ask","Price":3.57000000,"Amount":6068.10000000,"Done":false},{"Time":"2019-03-01T01:16:04","Situation":"unknown","Type":"ask","Price":3.55440000,"Amount":10208.00000000,"Done":false},{"Time":"2019-03-01T01:16:04","Situation":"unknown","Type":"ask","Price":3.57000000,"Amount":6068.10000000,"Done":false},{"Time":"2019-03-01T01:21:06","Situation":"unknown","Type":"ask","Price":3.52550000,"Amount":8687.11000000,"Done":false},{"Time":"2019-03-01T01:21:06","Situation":"unknown","Type":"ask","Price":3.52690000,"Amount":10768.98000000,"Done":false},{"Time":"2019-03-01T01:21:06","Situation":"unknown","Type":"ask","Price":3.53460000,"Amount":17927.92000000,"Done":false},{"Time":"2019-03-01T01:21:06","Situation":"unknown","Type":"ask","Price":3.54180000,"Amount":10208.00000000,"Done":false},{"Time":"2019-03-01T01:21:06","Situation":"unknown","Type":"ask","Price":3.57000000,"Amount":6068.10000000,"Done":false},{"Time":"2019-03-01T01:26:09","Situation":"unknown","Type":"ask","Price":3.52290000,"Amount":9622.15000000,"Done":false},{"Time":"2019-03-01T01:26:09","Situation":"unknown","Type":"ask","Price":3.52550000,"Amount":8687.11000000,"Done":false},{"Time":"2019-03-01T01:26:09","Situation":"unknown","Type":"ask","Price":3.52860000,"Amount":17847.30000000,"Done":false},{"Time":"2019-03-01T01:26:09","Situation":"unknown","Type":"ask","Price":3.54180000,"Amount":10208.00000000,"Done":false},{"Time":"2019-03-01T01:31:12","Situation":"unknown","Type":"ask","Price":3.51820000,"Amount":8960.24000000,"Done":false},{"Time":"2019-03-01T01:31:12","Situation":"unknown","Type":"ask","Price":3.52320000,"Amount":9427.07000000,"Done":false},{"Time":"2019-03-01T01:31:12","Situation":"unknown","Type":"ask","Price":3.52940000,"Amount":17240.02000000,"Done":false},{"Time":"2019-03-01T01:31:12","Situation":"unknown","Type":"ask","Price":3.53080000,"Amount":10208.00000000,"Done":false},{"Time":"2019-03-01T01:31:12","Situation":"unknown","Type":"ask","Price":3.57000000,"Amount":6068.10000000,"Done":false},{"Time":"2019-03-01T01:36:16","Situation":"unknown","Type":"ask","Price":3.52510000,"Amount":7889.62000000,"Done":false},{"Time":"2019-03-01T01:36:16","Situation":"unknown","Type":"ask","Price":3.52530000,"Amount":11934.30000000,"Done":false},{"Time":"2019-03-01T01:36:16","Situation":"unknown","Type":"ask","Price":3.53060000,"Amount":14987.14000000,"Done":false},{"Time":"2019-03-01T01:36:16","Situation":"unknown","Type":"ask","Price":3.54330000,"Amount":10211.39000000,"Done":false},{"Time":"2019-03-01T01:36:16","Situation":"unknown","Type":"ask","Price":3.57000000,"Amount":6068.10000000,"Done":false},{"Time":"2019-03-01T01:41:19","Situation":"unknown","Type":"ask","Price":3.52210000,"Amount":8105.59000000,"Done":false},{"Time":"2019-03-01T01:41:19","Situation":"unknown","Type":"ask","Price":3.52500000,"Amount":9096.63000000,"Done":false},{"Time":"2019-03-01T01:41:19","Situation":"unknown","Type":"ask","Price":3.53060000,"Amount":14987.14000000,"Done":false},{"Time":"2019-03-01T01:41:19","Situation":"unknown","Type":"ask","Price":3.54330000,"Amount":10211.39000000,"Done":false},{"Time":"2019-03-01T01:41:19","Situation":"unknown","Type":"ask","Price":3.57000000,"Amount":6068.10000000,"Done":false},{"Time":"2019-03-01T01:46:21","Situation":"unknown","Type":"ask","Price":3.51870000,"Amount":9317.69000000,"Done":false},{"Time":"2019-03-01T01:46:21","Situation":"unknown","Type":"ask","Price":3.52210000,"Amount":7892.16000000,"Done":false},{"Time":"2019-03-01T01:46:21","Situation":"unknown","Type":"ask","Price":3.53060000,"Amount":14987.14000000,"Done":false},{"Time":"2019-03-01T01:46:21","Situation":"unknown","Type":"ask","Price":3.54330000,"Amount":10211.39000000,"Done":false},{"Time":"2019-03-01T01:51:25","Situation":"unknown","Type":"ask","Price":3.51900000,"Amount":11863.88000000,"Done":false},{"Time":"2019-03-01T01:51:25","Situation":"unknown","Type":"ask","Price":3.52210000,"Amount":7892.16000000,"Done":false},{"Time":"2019-03-01T01:51:25","Situation":"unknown","Type":"ask","Price":3.53060000,"Amount":14987.14000000,"Done":false},{"Time":"2019-03-01T01:51:25","Situation":"unknown","Type":"ask","Price":3.54330000,"Amount":10211.39000000,"Done":false},{"Time":"2019-03-01T01:56:26","Situation":"unknown","Type":"ask","Price":3.52210000,"Amount":7892.16000000,"Done":false},{"Time":"2019-03-01T01:56:26","Situation":"unknown","Type":"ask","Price":3.52320000,"Amount":13602.30000000,"Done":false},{"Time":"2019-03-01T01:56:26","Situation":"unknown","Type":"ask","Price":3.53060000,"Amount":14987.14000000,"Done":false},{"Time":"2019-03-01T01:56:26","Situation":"unknown","Type":"ask","Price":3.54330000,"Amount":10211.39000000,"Done":false},{"Time":"2019-03-01T01:56:26","Situation":"unknown","Type":"ask","Price":3.57000000,"Amount":6068.10000000,"Done":false},{"Time":"2019-03-01T02:01:28","Situation":"unknown","Type":"ask","Price":3.51950000,"Amount":12304.84000000,"Done":false},{"Time":"2019-03-01T02:01:28","Situation":"unknown","Type":"ask","Price":3.52210000,"Amount":8034.73000000,"Done":false},{"Time":"2019-03-01T02:01:28","Situation":"unknown","Type":"ask","Price":3.52400000,"Amount":12711.10000000,"Done":false},{"Time":"2019-03-01T02:01:28","Situation":"unknown","Type":"ask","Price":3.54330000,"Amount":10211.39000000,"Done":false},{"Time":"2019-03-01T02:06:31","Situation":"unknown","Type":"ask","Price":3.51740000,"Amount":8963.34000000,"Done":false},{"Time":"2019-03-01T02:06:31","Situation":"unknown","Type":"ask","Price":3.52210000,"Amount":7892.16000000,"Done":false},{"Time":"2019-03-01T02:06:31","Situation":"unknown","Type":"ask","Price":3.52420000,"Amount":13056.17000000,"Done":false},{"Time":"2019-03-01T02:06:31","Situation":"unknown","Type":"ask","Price":3.54330000,"Amount":10211.39000000,"Done":false},{"Time":"2019-03-01T02:11:34","Situation":"unknown","Type":"ask","Price":3.50860000,"Amount":7866.56000000,"Done":false},{"Time":"2019-03-01T02:11:34","Situation":"unknown","Type":"ask","Price":3.51350000,"Amount":11593.46000000,"Done":false},{"Time":"2019-03-01T02:11:34","Situation":"unknown","Type":"ask","Price":3.51760000,"Amount":12839.07000000,"Done":false},{"Time":"2019-03-01T02:11:34","Situation":"unknown","Type":"ask","Price":3.53240000,"Amount":10208.00000000,"Done":false},{"Time":"2019-03-01T02:16:38","Situation":"unknown","Type":"ask","Price":3.51150000,"Amount":7787.20000000,"Done":false},{"Time":"2019-03-01T02:16:38","Situation":"unknown","Type":"ask","Price":3.51670000,"Amount":7888.71000000,"Done":false},{"Time":"2019-03-01T02:16:38","Situation":"unknown","Type":"ask","Price":3.51760000,"Amount":12839.07000000,"Done":false},{"Time":"2019-03-01T02:16:38","Situation":"unknown","Type":"ask","Price":3.53240000,"Amount":10208.00000000,"Done":false},{"Time":"2019-03-01T02:21:39","Situation":"unknown","Type":"ask","Price":3.50600000,"Amount":7787.20000000,"Done":false},{"Time":"2019-03-01T02:21:39","Situation":"unknown","Type":"ask","Price":3.51110000,"Amount":8067.20000000,"Done":false},{"Time":"2019-03-01T02:21:39","Situation":"unknown","Type":"ask","Price":3.51760000,"Amount":12839.07000000,"Done":false},{"Time":"2019-03-01T02:21:39","Situation":"unknown","Type":"ask","Price":3.53240000,"Amount":10208.00000000,"Done":false},{"Time":"2019-03-01T02:26:42","Situation":"unknown","Type":"ask","Price":3.50600000,"Amount":7787.20000000,"Done":false},{"Time":"2019-03-01T02:26:42","Situation":"unknown","Type":"ask","Price":3.51130000,"Amount":7932.73000000,"Done":false},{"Time":"2019-03-01T02:26:42","Situation":"unknown","Type":"ask","Price":3.51760000,"Amount":12839.07000000,"Done":false},{"Time":"2019-03-01T02:31:45","Situation":"unknown","Type":"ask","Price":3.50600000,"Amount":7787.20000000,"Done":false},{"Time":"2019-03-01T02:31:45","Situation":"unknown","Type":"ask","Price":3.50740000,"Amount":11538.77000000,"Done":false},{"Time":"2019-03-01T02:31:45","Situation":"unknown","Type":"ask","Price":3.51760000,"Amount":12839.07000000,"Done":false},{"Time":"2019-03-01T02:36:48","Situation":"unknown","Type":"ask","Price":3.50600000,"Amount":7787.20000000,"Done":false},{"Time":"2019-03-01T02:36:48","Situation":"unknown","Type":"ask","Price":3.50890000,"Amount":10410.59000000,"Done":false},{"Time":"2019-03-01T02:36:48","Situation":"unknown","Type":"ask","Price":3.51760000,"Amount":12839.07000000,"Done":false},{"Time":"2019-03-01T02:36:48","Situation":"unknown","Type":"ask","Price":3.52410000,"Amount":10208.00000000,"Done":false},{"Time":"2019-03-01T02:41:49","Situation":"unknown","Type":"ask","Price":3.50880000,"Amount":7764.00000000,"Done":false},{"Time":"2019-03-01T02:41:49","Situation":"unknown","Type":"ask","Price":3.51370000,"Amount":12986.15000000,"Done":false},{"Time":"2019-03-01T02:41:49","Situation":"unknown","Type":"ask","Price":3.51760000,"Amount":12839.07000000,"Done":false},{"Time":"2019-03-01T02:41:49","Situation":"unknown","Type":"ask","Price":3.52410000,"Amount":10208.00000000,"Done":false},{"Time":"2019-03-01T02:46:52","Situation":"unknown","Type":"ask","Price":3.51910000,"Amount":7764.00000000,"Done":false},{"Time":"2019-03-01T02:46:52","Situation":"unknown","Type":"ask","Price":3.52180000,"Amount":12406.94000000,"Done":false},{"Time":"2019-03-01T02:46:52","Situation":"unknown","Type":"ask","Price":3.52460000,"Amount":9372.03000000,"Done":false},{"Time":"2019-03-01T02:46:52","Situation":"unknown","Type":"ask","Price":3.53590000,"Amount":10208.00000000,"Done":false},{"Time":"2019-03-01T02:51:54","Situation":"unknown","Type":"ask","Price":3.51910000,"Amount":7764.00000000,"Done":false},{"Time":"2019-03-01T02:51:54","Situation":"unknown","Type":"ask","Price":3.52180000,"Amount":12406.94000000,"Done":false},{"Time":"2019-03-01T02:51:54","Situation":"unknown","Type":"ask","Price":3.52460000,"Amount":9372.03000000,"Done":false},{"Time":"2019-03-01T02:51:54","Situation":"unknown","Type":"ask","Price":3.53590000,"Amount":10208.00000000,"Done":false},{"Time":"2019-03-01T02:56:55","Situation":"unknown","Type":"ask","Price":3.51920000,"Amount":7749.38000000,"Done":false},{"Time":"2019-03-01T02:56:55","Situation":"unknown","Type":"ask","Price":3.52050000,"Amount":10310.87000000,"Done":false},{"Time":"2019-03-01T02:56:55","Situation":"unknown","Type":"ask","Price":3.53080000,"Amount":15240.13000000,"Done":false},{"Time":"2019-03-01T02:56:55","Situation":"unknown","Type":"ask","Price":3.53590000,"Amount":10208.00000000,"Done":false},{"Time":"2019-03-01T03:01:59","Situation":"unknown","Type":"ask","Price":3.51750000,"Amount":7749.38000000,"Done":false},{"Time":"2019-03-01T03:01:59","Situation":"unknown","Type":"ask","Price":3.52130000,"Amount":10280.65000000,"Done":false},{"Time":"2019-03-01T03:01:59","Situation":"unknown","Type":"ask","Price":3.53080000,"Amount":15240.13000000,"Done":false},{"Time":"2019-03-01T03:01:59","Situation":"unknown","Type":"ask","Price":3.53590000,"Amount":10208.00000000,"Done":false},{"Time":"2019-03-01T03:07:00","Situation":"unknown","Type":"ask","Price":3.51750000,"Amount":7749.38000000,"Done":false},{"Time":"2019-03-01T03:07:00","Situation":"unknown","Type":"ask","Price":3.52130000,"Amount":10280.65000000,"Done":false},{"Time":"2019-03-01T03:07:00","Situation":"unknown","Type":"ask","Price":3.53080000,"Amount":15240.13000000,"Done":false},{"Time":"2019-03-01T03:07:00","Situation":"unknown","Type":"ask","Price":3.53590000,"Amount":10208.00000000,"Done":false},{"Time":"2019-03-01T03:12:02","Situation":"unknown","Type":"ask","Price":3.51750000,"Amount":7749.38000000,"Done":false},{"Time":"2019-03-01T03:12:02","Situation":"unknown","Type":"ask","Price":3.52130000,"Amount":10280.65000000,"Done":false},{"Time":"2019-03-01T03:12:02","Situation":"unknown","Type":"ask","Price":3.53080000,"Amount":15240.13000000,"Done":false},{"Time":"2019-03-01T03:12:02","Situation":"unknown","Type":"ask","Price":3.53590000,"Amount":10208.00000000,"Done":false},{"Time":"2019-03-01T03:17:04","Situation":"unknown","Type":"ask","Price":3.51720000,"Amount":9789.37000000,"Done":false},{"Time":"2019-03-01T03:17:04","Situation":"unknown","Type":"ask","Price":3.51750000,"Amount":7749.38000000,"Done":false},{"Time":"2019-03-01T03:17:04","Situation":"unknown","Type":"ask","Price":3.52330000,"Amount":12807.76000000,"Done":false},{"Time":"2019-03-01T03:17:04","Situation":"unknown","Type":"ask","Price":3.53590000,"Amount":10208.00000000,"Done":false},{"Time":"2019-03-01T03:22:05","Situation":"unknown","Type":"ask","Price":3.51750000,"Amount":7749.38000000,"Done":false},{"Time":"2019-03-01T03:22:05","Situation":"unknown","Type":"ask","Price":3.51990000,"Amount":7916.84000000,"Done":false},{"Time":"2019-03-01T03:22:05","Situation":"unknown","Type":"ask","Price":3.52330000,"Amount":12807.76000000,"Done":false},{"Time":"2019-03-01T03:22:05","Situation":"unknown","Type":"ask","Price":3.53590000,"Amount":10208.00000000,"Done":false},{"Time":"2019-03-01T03:27:05","Situation":"unknown","Type":"ask","Price":3.52740000,"Amount":7749.38000000,"Done":false},{"Time":"2019-03-01T03:27:05","Situation":"unknown","Type":"ask","Price":3.52800000,"Amount":9317.31000000,"Done":false},{"Time":"2019-03-01T03:27:05","Situation":"unknown","Type":"ask","Price":3.53630000,"Amount":17226.37000000,"Done":false},{"Time":"2019-03-01T03:27:05","Situation":"unknown","Type":"ask","Price":3.54760000,"Amount":10208.00000000,"Done":false},{"Time":"2019-03-01T03:27:05","Situation":"unknown","Type":"ask","Price":3.57000000,"Amount":6068.10000000,"Done":false},{"Time":"2019-03-01T03:28:04","Situation":"unknown","Type":"ask","Price":3.53510000,"Amount":8349.37000000,"Done":false},{"Time":"2019-03-01T03:28:04","Situation":"unknown","Type":"ask","Price":3.53850000,"Amount":11994.98000000,"Done":false},{"Time":"2019-03-01T03:28:04","Situation":"unknown","Type":"ask","Price":3.54380000,"Amount":13935.59000000,"Done":false},{"Time":"2019-03-01T03:28:04","Situation":"unknown","Type":"ask","Price":3.54760000,"Amount":10208.00000000,"Done":false},{"Time":"2019-03-01T03:28:04","Situation":"unknown","Type":"ask","Price":3.57000000,"Amount":6068.10000000,"Done":false},{"Time":"2019-03-01T03:33:05","Situation":"unknown","Type":"ask","Price":3.53120000,"Amount":7749.38000000,"Done":false},{"Time":"2019-03-01T03:33:05","Situation":"unknown","Type":"ask","Price":3.53180000,"Amount":11077.25000000,"Done":false},{"Time":"2019-03-01T03:33:05","Situation":"unknown","Type":"ask","Price":3.53780000,"Amount":17999.85000000,"Done":false},{"Time":"2019-03-01T03:33:05","Situation":"unknown","Type":"ask","Price":3.54760000,"Amount":10208.00000000,"Done":false},{"Time":"2019-03-01T03:38:05","Situation":"unknown","Type":"ask","Price":3.52550000,"Amount":8132.07000000,"Done":false},{"Time":"2019-03-01T03:38:05","Situation":"unknown","Type":"ask","Price":3.52960000,"Amount":17676.80000000,"Done":false},{"Time":"2019-03-01T03:38:05","Situation":"unknown","Type":"ask","Price":3.53120000,"Amount":7749.38000000,"Done":false},{"Time":"2019-03-01T03:38:05","Situation":"unknown","Type":"ask","Price":3.54760000,"Amount":10208.00000000,"Done":false},{"Time":"2019-03-01T03:43:05","Situation":"unknown","Type":"ask","Price":3.52320000,"Amount":7749.38000000,"Done":false},{"Time":"2019-03-01T03:43:05","Situation":"unknown","Type":"ask","Price":3.52770000,"Amount":12382.94000000,"Done":false},{"Time":"2019-03-01T03:43:05","Situation":"unknown","Type":"ask","Price":3.52960000,"Amount":17676.80000000,"Done":false},{"Time":"2019-03-01T03:43:05","Situation":"unknown","Type":"ask","Price":3.54760000,"Amount":10208.00000000,"Done":false},{"Time":"2019-03-01T03:43:05","Situation":"unknown","Type":"ask","Price":3.57000000,"Amount":6068.10000000,"Done":false},{"Time":"2019-03-01T03:48:07","Situation":"unknown","Type":"ask","Price":3.52410000,"Amount":7749.38000000,"Done":false},{"Time":"2019-03-01T03:48:07","Situation":"unknown","Type":"ask","Price":3.52950000,"Amount":11006.40000000,"Done":false},{"Time":"2019-03-01T03:48:07","Situation":"unknown","Type":"ask","Price":3.53580000,"Amount":14198.50000000,"Done":false},{"Time":"2019-03-01T03:48:07","Situation":"unknown","Type":"ask","Price":3.54760000,"Amount":10208.00000000,"Done":false},{"Time":"2019-03-01T03:48:07","Situation":"unknown","Type":"ask","Price":3.57000000,"Amount":6068.10000000,"Done":false},{"Time":"2019-03-01T03:53:08","Situation":"unknown","Type":"ask","Price":3.52780000,"Amount":7749.38000000,"Done":false},{"Time":"2019-03-01T03:53:08","Situation":"unknown","Type":"ask","Price":3.53150000,"Amount":10132.59000000,"Done":false},{"Time":"2019-03-01T03:53:08","Situation":"unknown","Type":"ask","Price":3.53580000,"Amount":14198.50000000,"Done":false},{"Time":"2019-03-01T03:53:08","Situation":"unknown","Type":"ask","Price":3.54760000,"Amount":10208.00000000,"Done":false},{"Time":"2019-03-01T03:53:08","Situation":"unknown","Type":"ask","Price":3.57000000,"Amount":6068.10000000,"Done":false},{"Time":"2019-03-01T03:58:11","Situation":"unknown","Type":"ask","Price":3.52780000,"Amount":7749.38000000,"Done":false},{"Time":"2019-03-01T03:58:11","Situation":"unknown","Type":"ask","Price":3.53170000,"Amount":8440.11000000,"Done":false},{"Time":"2019-03-01T03:58:11","Situation":"unknown","Type":"ask","Price":3.53580000,"Amount":14198.50000000,"Done":false},{"Time":"2019-03-01T03:58:11","Situation":"unknown","Type":"ask","Price":3.54760000,"Amount":10208.00000000,"Done":false},{"Time":"2019-03-01T04:03:12","Situation":"unknown","Type":"ask","Price":3.52780000,"Amount":7749.38000000,"Done":false},{"Time":"2019-03-01T04:03:12","Situation":"unknown","Type":"ask","Price":3.52990000,"Amount":9984.37000000,"Done":false},{"Time":"2019-03-01T04:03:12","Situation":"unknown","Type":"ask","Price":3.53580000,"Amount":14198.50000000,"Done":false},{"Time":"2019-03-01T04:03:12","Situation":"unknown","Type":"ask","Price":3.54760000,"Amount":10208.00000000,"Done":false},{"Time":"2019-03-01T04:08:15","Situation":"unknown","Type":"ask","Price":3.52570000,"Amount":9599.72000000,"Done":false},{"Time":"2019-03-01T04:08:15","Situation":"unknown","Type":"ask","Price":3.52780000,"Amount":8082.38000000,"Done":false},{"Time":"2019-03-01T04:08:15","Situation":"unknown","Type":"ask","Price":3.53580000,"Amount":14198.50000000,"Done":false},{"Time":"2019-03-01T04:08:15","Situation":"unknown","Type":"ask","Price":3.54760000,"Amount":10208.00000000,"Done":false},{"Time":"2019-03-01T04:13:18","Situation":"unknown","Type":"ask","Price":3.52780000,"Amount":7749.38000000,"Done":false},{"Time":"2019-03-01T04:13:18","Situation":"unknown","Type":"ask","Price":3.52810000,"Amount":8355.54000000,"Done":false},{"Time":"2019-03-01T04:13:18","Situation":"unknown","Type":"ask","Price":3.53580000,"Amount":14198.50000000,"Done":false},{"Time":"2019-03-01T04:13:18","Situation":"unknown","Type":"ask","Price":3.54760000,"Amount":10208.00000000,"Done":false},{"Time":"2019-03-01T04:18:20","Situation":"unknown","Type":"ask","Price":3.52350000,"Amount":7756.18000000,"Done":false},{"Time":"2019-03-01T04:18:20","Situation":"unknown","Type":"ask","Price":3.52920000,"Amount":10560.27000000,"Done":false},{"Time":"2019-03-01T04:18:20","Situation":"unknown","Type":"ask","Price":3.53580000,"Amount":14198.50000000,"Done":false},{"Time":"2019-03-01T04:18:20","Situation":"unknown","Type":"ask","Price":3.54760000,"Amount":10208.00000000,"Done":false},{"Time":"2019-03-01T04:23:23","Situation":"unknown","Type":"ask","Price":3.52920000,"Amount":8350.55000000,"Done":false},{"Time":"2019-03-01T04:23:23","Situation":"unknown","Type":"ask","Price":3.53310000,"Amount":9008.38000000,"Done":false},{"Time":"2019-03-01T04:23:23","Situation":"unknown","Type":"ask","Price":3.53580000,"Amount":14198.50000000,"Done":false},{"Time":"2019-03-01T04:23:23","Situation":"unknown","Type":"ask","Price":3.54760000,"Amount":10208.00000000,"Done":false},{"Time":"2019-03-01T04:28:23","Situation":"unknown","Type":"ask","Price":3.53040000,"Amount":7756.15000000,"Done":false},{"Time":"2019-03-01T04:28:23","Situation":"unknown","Type":"ask","Price":3.53330000,"Amount":8963.38000000,"Done":false},{"Time":"2019-03-01T04:28:23","Situation":"unknown","Type":"ask","Price":3.53580000,"Amount":14198.50000000,"Done":false},{"Time":"2019-03-01T04:28:23","Situation":"unknown","Type":"ask","Price":3.54760000,"Amount":10208.00000000,"Done":false},{"Time":"2019-03-01T04:33:23","Situation":"unknown","Type":"ask","Price":3.53040000,"Amount":7756.15000000,"Done":false},{"Time":"2019-03-01T04:33:23","Situation":"unknown","Type":"ask","Price":3.53140000,"Amount":11829.82000000,"Done":false},{"Time":"2019-03-01T04:33:23","Situation":"unknown","Type":"ask","Price":3.53580000,"Amount":14198.50000000,"Done":false},{"Time":"2019-03-01T04:33:23","Situation":"unknown","Type":"ask","Price":3.54760000,"Amount":10208.00000000,"Done":false},{"Time":"2019-03-01T04:38:25","Situation":"unknown","Type":"ask","Price":3.53040000,"Amount":7756.15000000,"Done":false},{"Time":"2019-03-01T04:38:25","Situation":"unknown","Type":"ask","Price":3.53350000,"Amount":11396.68000000,"Done":false},{"Time":"2019-03-01T04:38:25","Situation":"unknown","Type":"ask","Price":3.53580000,"Amount":14198.50000000,"Done":false},{"Time":"2019-03-01T04:38:25","Situation":"unknown","Type":"ask","Price":3.54760000,"Amount":10208.00000000,"Done":false},{"Time":"2019-03-01T04:43:28","Situation":"unknown","Type":"ask","Price":3.53040000,"Amount":7756.15000000,"Done":false},{"Time":"2019-03-01T04:43:28","Situation":"unknown","Type":"ask","Price":3.53390000,"Amount":10103.73000000,"Done":false},{"Time":"2019-03-01T04:43:28","Situation":"unknown","Type":"ask","Price":3.53580000,"Amount":14255.28000000,"Done":false},{"Time":"2019-03-01T04:43:28","Situation":"unknown","Type":"ask","Price":3.54760000,"Amount":10208.00000000,"Done":false},{"Time":"2019-03-01T04:48:32","Situation":"unknown","Type":"ask","Price":3.53040000,"Amount":7756.15000000,"Done":false},{"Time":"2019-03-01T04:48:32","Situation":"unknown","Type":"ask","Price":3.53390000,"Amount":10103.73000000,"Done":false},{"Time":"2019-03-01T04:48:32","Situation":"unknown","Type":"ask","Price":3.53580000,"Amount":14255.28000000,"Done":false},{"Time":"2019-03-01T04:48:32","Situation":"unknown","Type":"ask","Price":3.54760000,"Amount":10208.00000000,"Done":false},{"Time":"2019-03-01T04:53:33","Situation":"unknown","Type":"ask","Price":3.53040000,"Amount":8839.10000000,"Done":false},{"Time":"2019-03-01T04:53:33","Situation":"unknown","Type":"ask","Price":3.53390000,"Amount":10465.96000000,"Done":false},{"Time":"2019-03-01T04:53:33","Situation":"unknown","Type":"ask","Price":3.53580000,"Amount":14198.50000000,"Done":false},{"Time":"2019-03-01T04:53:33","Situation":"unknown","Type":"ask","Price":3.54760000,"Amount":10208.00000000,"Done":false},{"Time":"2019-03-01T04:58:34","Situation":"unknown","Type":"ask","Price":3.53040000,"Amount":8089.15000000,"Done":false},{"Time":"2019-03-01T04:58:34","Situation":"unknown","Type":"ask","Price":3.53580000,"Amount":24184.31000000,"Done":false},{"Time":"2019-03-01T04:58:34","Situation":"unknown","Type":"ask","Price":3.54760000,"Amount":10208.00000000,"Done":false},{"Time":"2019-03-01T05:03:35","Situation":"unknown","Type":"ask","Price":3.53040000,"Amount":7756.15000000,"Done":false},{"Time":"2019-03-01T05:03:35","Situation":"unknown","Type":"ask","Price":3.53390000,"Amount":12989.25000000,"Done":false},{"Time":"2019-03-01T05:03:35","Situation":"unknown","Type":"ask","Price":3.53580000,"Amount":14198.50000000,"Done":false},{"Time":"2019-03-01T05:03:35","Situation":"unknown","Type":"ask","Price":3.54760000,"Amount":10208.00000000,"Done":false},{"Time":"2019-03-01T05:08:36","Situation":"unknown","Type":"ask","Price":3.53040000,"Amount":7756.15000000,"Done":false},{"Time":"2019-03-01T05:08:36","Situation":"unknown","Type":"ask","Price":3.53380000,"Amount":11463.02000000,"Done":false},{"Time":"2019-03-01T05:08:36","Situation":"unknown","Type":"ask","Price":3.53580000,"Amount":14198.50000000,"Done":false},{"Time":"2019-03-01T05:08:36","Situation":"unknown","Type":"ask","Price":3.54760000,"Amount":10208.00000000,"Done":false},{"Time":"2019-03-01T05:13:39","Situation":"unknown","Type":"ask","Price":3.53040000,"Amount":7756.15000000,"Done":false},{"Time":"2019-03-01T05:13:39","Situation":"unknown","Type":"ask","Price":3.53280000,"Amount":12297.57000000,"Done":false},{"Time":"2019-03-01T05:13:39","Situation":"unknown","Type":"ask","Price":3.53630000,"Amount":12016.82000000,"Done":false},{"Time":"2019-03-01T05:13:39","Situation":"unknown","Type":"ask","Price":3.54760000,"Amount":10208.00000000,"Done":false},{"Time":"2019-03-01T05:18:43","Situation":"unknown","Type":"ask","Price":3.53040000,"Amount":7756.15000000,"Done":false},{"Time":"2019-03-01T05:18:43","Situation":"unknown","Type":"ask","Price":3.53050000,"Amount":9464.67000000,"Done":false},{"Time":"2019-03-01T05:18:43","Situation":"unknown","Type":"ask","Price":3.53630000,"Amount":12016.82000000,"Done":false},{"Time":"2019-03-01T05:18:43","Situation":"unknown","Type":"ask","Price":3.54760000,"Amount":10208.00000000,"Done":false},{"Time":"2019-03-01T05:23:45","Situation":"unknown","Type":"ask","Price":3.53040000,"Amount":7756.15000000,"Done":false},{"Time":"2019-03-01T05:23:45","Situation":"unknown","Type":"ask","Price":3.53050000,"Amount":9102.89000000,"Done":false},{"Time":"2019-03-01T05:23:45","Situation":"unknown","Type":"ask","Price":3.53630000,"Amount":12016.82000000,"Done":false},{"Time":"2019-03-01T05:23:45","Situation":"unknown","Type":"ask","Price":3.54760000,"Amount":10208.00000000,"Done":false},{"Time":"2019-03-01T05:28:48","Situation":"unknown","Type":"ask","Price":3.53040000,"Amount":7756.15000000,"Done":false},{"Time":"2019-03-01T05:28:48","Situation":"unknown","Type":"ask","Price":3.53440000,"Amount":11798.95000000,"Done":false},{"Time":"2019-03-01T05:28:48","Situation":"unknown","Type":"ask","Price":3.53630000,"Amount":12016.82000000,"Done":false},{"Time":"2019-03-01T05:28:48","Situation":"unknown","Type":"ask","Price":3.54760000,"Amount":10208.00000000,"Done":false},{"Time":"2019-03-01T05:33:49","Situation":"unknown","Type":"ask","Price":3.53040000,"Amount":7756.15000000,"Done":false},{"Time":"2019-03-01T05:33:49","Situation":"unknown","Type":"ask","Price":3.53370000,"Amount":9608.60000000,"Done":false},{"Time":"2019-03-01T05:33:49","Situation":"unknown","Type":"ask","Price":3.53650000,"Amount":11377.74000000,"Done":false},{"Time":"2019-03-01T05:33:49","Situation":"unknown","Type":"ask","Price":3.54760000,"Amount":10208.00000000,"Done":false},{"Time":"2019-03-01T05:38:52","Situation":"unknown","Type":"ask","Price":3.52730000,"Amount":7681.72000000,"Done":false},{"Time":"2019-03-01T05:38:52","Situation":"unknown","Type":"ask","Price":3.53250000,"Amount":8056.55000000,"Done":false},{"Time":"2019-03-01T05:38:52","Situation":"unknown","Type":"ask","Price":3.54350000,"Amount":18596.95000000,"Done":false},{"Time":"2019-03-01T05:38:52","Situation":"unknown","Type":"ask","Price":3.54760000,"Amount":10208.00000000,"Done":false},{"Time":"2019-03-01T05:43:53","Situation":"unknown","Type":"ask","Price":3.53060000,"Amount":7681.72000000,"Done":false},{"Time":"2019-03-01T05:43:53","Situation":"unknown","Type":"ask","Price":3.53320000,"Amount":10435.52000000,"Done":false},{"Time":"2019-03-01T05:43:53","Situation":"unknown","Type":"ask","Price":3.54350000,"Amount":18596.95000000,"Done":false},{"Time":"2019-03-01T05:43:53","Situation":"unknown","Type":"ask","Price":3.54760000,"Amount":10208.00000000,"Done":false},{"Time":"2019-03-01T05:48:57","Situation":"unknown","Type":"ask","Price":3.53060000,"Amount":7964.92000000,"Done":false},{"Time":"2019-03-01T05:48:57","Situation":"unknown","Type":"ask","Price":3.53320000,"Amount":10435.52000000,"Done":false},{"Time":"2019-03-01T05:48:57","Situation":"unknown","Type":"ask","Price":3.53720000,"Amount":12291.22000000,"Done":false},{"Time":"2019-03-01T05:48:57","Situation":"unknown","Type":"ask","Price":3.54760000,"Amount":10208.00000000,"Done":false},{"Time":"2019-03-01T05:54:01","Situation":"unknown","Type":"ask","Price":3.53060000,"Amount":7681.72000000,"Done":false},{"Time":"2019-03-01T05:54:01","Situation":"unknown","Type":"ask","Price":3.53130000,"Amount":11468.02000000,"Done":false},{"Time":"2019-03-01T05:54:01","Situation":"unknown","Type":"ask","Price":3.53720000,"Amount":12291.22000000,"Done":false},{"Time":"2019-03-01T05:54:01","Situation":"unknown","Type":"ask","Price":3.54760000,"Amount":10208.00000000,"Done":false},{"Time":"2019-03-01T05:59:03","Situation":"unknown","Type":"ask","Price":3.52360000,"Amount":10193.59000000,"Done":false},{"Time":"2019-03-01T05:59:03","Situation":"unknown","Type":"ask","Price":3.53060000,"Amount":7681.72000000,"Done":false},{"Time":"2019-03-01T05:59:03","Situation":"unknown","Type":"ask","Price":3.53070000,"Amount":11705.54000000,"Done":false},{"Time":"2019-03-01T05:59:03","Situation":"unknown","Type":"ask","Price":3.54760000,"Amount":10208.00000000,"Done":false},{"Time":"2019-03-01T06:04:05","Situation":"unknown","Type":"ask","Price":3.52770000,"Amount":10372.45000000,"Done":false},{"Time":"2019-03-01T06:04:05","Situation":"unknown","Type":"ask","Price":3.53060000,"Amount":7681.72000000,"Done":false},{"Time":"2019-03-01T06:04:05","Situation":"unknown","Type":"ask","Price":3.53070000,"Amount":11705.54000000,"Done":false},{"Time":"2019-03-01T06:04:05","Situation":"unknown","Type":"ask","Price":3.54760000,"Amount":10208.00000000,"Done":false},{"Time":"2019-03-01T06:09:06","Situation":"unknown","Type":"ask","Price":3.52080000,"Amount":7681.72000000,"Done":false},{"Time":"2019-03-01T06:09:06","Situation":"unknown","Type":"ask","Price":3.52580000,"Amount":13194.97000000,"Done":false},{"Time":"2019-03-01T06:09:06","Situation":"unknown","Type":"ask","Price":3.53070000,"Amount":11705.54000000,"Done":false},{"Time":"2019-03-01T06:09:06","Situation":"unknown","Type":"ask","Price":3.54760000,"Amount":10208.00000000,"Done":false},{"Time":"2019-03-01T06:14:09","Situation":"unknown","Type":"ask","Price":3.52080000,"Amount":7681.72000000,"Done":false},{"Time":"2019-03-01T06:14:09","Situation":"unknown","Type":"ask","Price":3.52800000,"Amount":9520.99000000,"Done":false},{"Time":"2019-03-01T06:14:09","Situation":"unknown","Type":"ask","Price":3.53070000,"Amount":12038.54000000,"Done":false},{"Time":"2019-03-01T06:14:09","Situation":"unknown","Type":"ask","Price":3.54760000,"Amount":10208.00000000,"Done":false},{"Time":"2019-03-01T06:19:09","Situation":"unknown","Type":"ask","Price":3.52120000,"Amount":7681.72000000,"Done":false},{"Time":"2019-03-01T06:19:09","Situation":"unknown","Type":"ask","Price":3.52600000,"Amount":11016.80000000,"Done":false},{"Time":"2019-03-01T06:19:09","Situation":"unknown","Type":"ask","Price":3.53070000,"Amount":11705.54000000,"Done":false},{"Time":"2019-03-01T06:19:09","Situation":"unknown","Type":"ask","Price":3.54760000,"Amount":10208.00000000,"Done":false},{"Time":"2019-03-01T06:24:11","Situation":"unknown","Type":"ask","Price":3.52060000,"Amount":7681.72000000,"Done":false},{"Time":"2019-03-01T06:24:11","Situation":"unknown","Type":"ask","Price":3.52490000,"Amount":13125.54000000,"Done":false},{"Time":"2019-03-01T06:24:11","Situation":"unknown","Type":"ask","Price":3.53070000,"Amount":11705.54000000,"Done":false},{"Time":"2019-03-01T06:24:11","Situation":"unknown","Type":"ask","Price":3.54760000,"Amount":10208.00000000,"Done":false},{"Time":"2019-03-01T06:29:13","Situation":"unknown","Type":"ask","Price":3.52060000,"Amount":7681.72000000,"Done":false},{"Time":"2019-03-01T06:29:13","Situation":"unknown","Type":"ask","Price":3.52260000,"Amount":10323.06000000,"Done":false},{"Time":"2019-03-01T06:29:13","Situation":"unknown","Type":"ask","Price":3.53070000,"Amount":11705.54000000,"Done":false},{"Time":"2019-03-01T06:29:13","Situation":"unknown","Type":"ask","Price":3.53670000,"Amount":10208.00000000,"Done":false},{"Time":"2019-03-01T06:34:16","Situation":"unknown","Type":"ask","Price":3.51390000,"Amount":7753.49000000,"Done":false},{"Time":"2019-03-01T06:34:16","Situation":"unknown","Type":"ask","Price":3.51910000,"Amount":9178.01000000,"Done":false},{"Time":"2019-03-01T06:34:16","Situation":"unknown","Type":"ask","Price":3.52430000,"Amount":11818.53000000,"Done":false},{"Time":"2019-03-01T06:34:16","Situation":"unknown","Type":"ask","Price":3.53670000,"Amount":10208.00000000,"Done":false},{"Time":"2019-03-01T06:39:16","Situation":"unknown","Type":"ask","Price":3.51390000,"Amount":7610.23000000,"Done":false},{"Time":"2019-03-01T06:39:16","Situation":"unknown","Type":"ask","Price":3.51840000,"Amount":8431.32000000,"Done":false},{"Time":"2019-03-01T06:39:16","Situation":"unknown","Type":"ask","Price":3.52370000,"Amount":28457.19000000,"Done":false},{"Time":"2019-03-01T06:39:16","Situation":"unknown","Type":"ask","Price":3.52410000,"Amount":16019.03000000,"Done":false},{"Time":"2019-03-01T06:39:16","Situation":"unknown","Type":"ask","Price":3.53670000,"Amount":10208.00000000,"Done":false},{"Time":"2019-03-01T06:44:20","Situation":"unknown","Type":"ask","Price":3.50950000,"Amount":8361.80000000,"Done":false},{"Time":"2019-03-01T06:44:20","Situation":"unknown","Type":"ask","Price":3.51320000,"Amount":8687.00000000,"Done":false},{"Time":"2019-03-01T06:44:20","Situation":"unknown","Type":"ask","Price":3.52370000,"Amount":12703.45000000,"Done":false},{"Time":"2019-03-01T06:44:20","Situation":"unknown","Type":"ask","Price":3.52580000,"Amount":10208.00000000,"Done":false},{"Time":"2019-03-01T06:49:21","Situation":"unknown","Type":"ask","Price":3.51050000,"Amount":7644.19000000,"Done":false},{"Time":"2019-03-01T06:49:21","Situation":"unknown","Type":"ask","Price":3.51240000,"Amount":7644.19000000,"Done":false},{"Time":"2019-03-01T06:49:21","Situation":"unknown","Type":"ask","Price":3.51330000,"Amount":8359.27000000,"Done":false},{"Time":"2019-03-01T06:49:21","Situation":"unknown","Type":"ask","Price":3.51710000,"Amount":12468.12000000,"Done":false},{"Time":"2019-03-01T06:49:21","Situation":"unknown","Type":"ask","Price":3.51790000,"Amount":7888.06000000,"Done":false},{"Time":"2019-03-01T06:49:21","Situation":"unknown","Type":"ask","Price":3.52320000,"Amount":16386.95000000,"Done":false},{"Time":"2019-03-01T06:49:21","Situation":"unknown","Type":"ask","Price":3.52370000,"Amount":12703.45000000,"Done":false},{"Time":"2019-03-01T06:49:21","Situation":"unknown","Type":"ask","Price":3.52580000,"Amount":10208.00000000,"Done":false},{"Time":"2019-03-01T06:54:25","Situation":"unknown","Type":"ask","Price":3.51590000,"Amount":12486.95000000,"Done":false},{"Time":"2019-03-01T06:54:25","Situation":"unknown","Type":"ask","Price":3.51640000,"Amount":7652.95000000,"Done":false},{"Time":"2019-03-01T06:54:25","Situation":"unknown","Type":"ask","Price":3.52410000,"Amount":18398.94000000,"Done":false},{"Time":"2019-03-01T06:54:25","Situation":"unknown","Type":"ask","Price":3.52580000,"Amount":10208.00000000,"Done":false},{"Time":"2019-03-01T06:59:26","Situation":"unknown","Type":"ask","Price":3.51350000,"Amount":8425.48000000,"Done":false},{"Time":"2019-03-01T06:59:26","Situation":"unknown","Type":"ask","Price":3.51800000,"Amount":18366.90000000,"Done":false},{"Time":"2019-03-01T06:59:26","Situation":"unknown","Type":"ask","Price":3.52580000,"Amount":10208.00000000,"Done":false},{"Time":"2019-03-01T07:04:29","Situation":"unknown","Type":"ask","Price":3.50030000,"Amount":7970.80000000,"Done":false},{"Time":"2019-03-01T07:04:29","Situation":"unknown","Type":"ask","Price":3.50800000,"Amount":11989.60000000,"Done":false},{"Time":"2019-03-01T07:04:29","Situation":"unknown","Type":"ask","Price":3.51480000,"Amount":12815.12000000,"Done":false},{"Time":"2019-03-01T07:04:29","Situation":"unknown","Type":"ask","Price":3.52580000,"Amount":10208.00000000,"Done":false},{"Time":"2019-03-01T07:09:30","Situation":"unknown","Type":"ask","Price":3.51670000,"Amount":7670.80000000,"Done":false},{"Time":"2019-03-01T07:09:30","Situation":"unknown","Type":"ask","Price":3.52120000,"Amount":10982.68000000,"Done":false},{"Time":"2019-03-01T07:09:30","Situation":"unknown","Type":"ask","Price":3.52580000,"Amount":10208.00000000,"Done":false},{"Time":"2019-03-01T07:09:30","Situation":"unknown","Type":"ask","Price":3.52740000,"Amount":11275.70000000,"Done":false},{"Time":"2019-03-01T07:14:33","Situation":"unknown","Type":"ask","Price":3.51360000,"Amount":12785.93000000,"Done":false},{"Time":"2019-03-01T07:14:33","Situation":"unknown","Type":"ask","Price":3.51670000,"Amount":7670.80000000,"Done":false},{"Time":"2019-03-01T07:14:33","Situation":"unknown","Type":"ask","Price":3.52580000,"Amount":10208.00000000,"Done":false},{"Time":"2019-03-01T07:14:33","Situation":"unknown","Type":"ask","Price":3.52740000,"Amount":11275.70000000,"Done":false},{"Time":"2019-03-01T07:19:33","Situation":"unknown","Type":"ask","Price":3.51440000,"Amount":7670.80000000,"Done":false},{"Time":"2019-03-01T07:19:33","Situation":"unknown","Type":"ask","Price":3.51770000,"Amount":12583.43000000,"Done":false},{"Time":"2019-03-01T07:19:33","Situation":"unknown","Type":"ask","Price":3.52130000,"Amount":12600.80000000,"Done":false},{"Time":"2019-03-01T07:19:33","Situation":"unknown","Type":"ask","Price":3.52580000,"Amount":10208.00000000,"Done":false},{"Time":"2019-03-01T07:24:37","Situation":"unknown","Type":"ask","Price":3.51150000,"Amount":8200.72000000,"Done":false},{"Time":"2019-03-01T07:24:37","Situation":"unknown","Type":"ask","Price":3.51560000,"Amount":8223.56000000,"Done":false},{"Time":"2019-03-01T07:24:37","Situation":"unknown","Type":"ask","Price":3.52130000,"Amount":12600.80000000,"Done":false},{"Time":"2019-03-01T07:24:37","Situation":"unknown","Type":"ask","Price":3.52580000,"Amount":10208.00000000,"Done":false},{"Time":"2019-03-01T07:29:41","Situation":"unknown","Type":"ask","Price":3.50740000,"Amount":7678.10000000,"Done":false},{"Time":"2019-03-01T07:29:41","Situation":"unknown","Type":"ask","Price":3.51000000,"Amount":9701.22000000,"Done":false},{"Time":"2019-03-01T07:29:41","Situation":"unknown","Type":"ask","Price":3.51360000,"Amount":11451.74000000,"Done":false},{"Time":"2019-03-01T07:29:41","Situation":"unknown","Type":"ask","Price":3.52580000,"Amount":10208.00000000,"Done":false},{"Time":"2019-03-01T07:34:41","Situation":"unknown","Type":"ask","Price":3.51630000,"Amount":7678.10000000,"Done":false},{"Time":"2019-03-01T07:34:41","Situation":"unknown","Type":"ask","Price":3.51700000,"Amount":12251.35000000,"Done":false},{"Time":"2019-03-01T07:34:41","Situation":"unknown","Type":"ask","Price":3.52090000,"Amount":12133.77000000,"Done":false},{"Time":"2019-03-01T07:34:41","Situation":"unknown","Type":"ask","Price":3.52580000,"Amount":10208.00000000,"Done":false},{"Time":"2019-03-01T07:39:42","Situation":"unknown","Type":"ask","Price":3.52010000,"Amount":7678.10000000,"Done":false},{"Time":"2019-03-01T07:39:42","Situation":"unknown","Type":"ask","Price":3.52230000,"Amount":11544.18000000,"Done":false},{"Time":"2019-03-01T07:39:42","Situation":"unknown","Type":"ask","Price":3.52580000,"Amount":10208.00000000,"Done":false},{"Time":"2019-03-01T07:39:42","Situation":"unknown","Type":"ask","Price":3.52730000,"Amount":18559.16000000,"Done":false},{"Time":"2019-03-01T07:44:44","Situation":"unknown","Type":"ask","Price":3.51030000,"Amount":14688.32000000,"Done":false},{"Time":"2019-03-01T07:44:44","Situation":"unknown","Type":"ask","Price":3.52420000,"Amount":7891.89000000,"Done":false},{"Time":"2019-03-01T07:44:44","Situation":"unknown","Type":"ask","Price":3.52530000,"Amount":11077.34000000,"Done":false},{"Time":"2019-03-01T07:44:44","Situation":"unknown","Type":"ask","Price":3.52730000,"Amount":18772.77000000,"Done":false},{"Time":"2019-03-01T07:44:44","Situation":"unknown","Type":"ask","Price":3.53700000,"Amount":10208.00000000,"Done":false},{"Time":"2019-03-01T07:49:46","Situation":"unknown","Type":"ask","Price":3.52980000,"Amount":7678.10000000,"Done":false},{"Time":"2019-03-01T07:49:46","Situation":"unknown","Type":"ask","Price":3.53430000,"Amount":8863.01000000,"Done":false},{"Time":"2019-03-01T07:49:46","Situation":"unknown","Type":"ask","Price":3.53530000,"Amount":11340.50000000,"Done":false},{"Time":"2019-03-01T07:49:46","Situation":"unknown","Type":"ask","Price":3.53700000,"Amount":18285.56000000,"Done":false},{"Time":"2019-03-01T07:54:28","Situation":"unknown","Type":"ask","Price":3.53500000,"Amount":8290.70000000,"Done":false},{"Time":"2019-03-01T07:54:28","Situation":"unknown","Type":"ask","Price":3.54130000,"Amount":9357.81000000,"Done":false},{"Time":"2019-03-01T07:54:28","Situation":"unknown","Type":"ask","Price":3.54200000,"Amount":16961.07000000,"Done":false},{"Time":"2019-03-01T07:54:28","Situation":"unknown","Type":"ask","Price":3.54880000,"Amount":10349.83000000,"Done":false},{"Time":"2019-03-01T07:59:32","Situation":"unknown","Type":"ask","Price":3.54780000,"Amount":6582.84000000,"Done":false},{"Time":"2019-03-01T07:59:32","Situation":"unknown","Type":"ask","Price":3.54990000,"Amount":8688.67000000,"Done":false},{"Time":"2019-03-01T07:59:32","Situation":"unknown","Type":"ask","Price":3.55490000,"Amount":15955.52000000,"Done":false},{"Time":"2019-03-01T07:59:32","Situation":"unknown","Type":"ask","Price":3.56050000,"Amount":10208.00000000,"Done":false},{"Time":"2019-03-01T07:59:32","Situation":"unknown","Type":"ask","Price":3.58000000,"Amount":7770.79000000,"Done":false},{"Time":"2019-03-01T08:04:34","Situation":"unknown","Type":"ask","Price":3.54790000,"Amount":7927.72000000,"Done":false},{"Time":"2019-03-01T08:04:34","Situation":"unknown","Type":"ask","Price":3.55020000,"Amount":7958.93000000,"Done":false},{"Time":"2019-03-01T08:04:34","Situation":"unknown","Type":"ask","Price":3.56170000,"Amount":10208.00000000,"Done":false},{"Time":"2019-03-01T08:04:34","Situation":"unknown","Type":"ask","Price":3.58000000,"Amount":7770.79000000,"Done":false},{"Time":"2019-03-01T08:06:02","Situation":"unknown","Type":"ask","Price":3.53780000,"Amount":9750.32000000,"Done":false},{"Time":"2019-03-01T08:06:02","Situation":"unknown","Type":"ask","Price":3.54790000,"Amount":7927.72000000,"Done":false},{"Time":"2019-03-01T08:06:02","Situation":"unknown","Type":"ask","Price":3.56170000,"Amount":10208.00000000,"Done":false},{"Time":"2019-03-01T08:11:02","Situation":"unknown","Type":"ask","Price":3.53860000,"Amount":13801.34000000,"Done":false},{"Time":"2019-03-01T08:11:02","Situation":"unknown","Type":"ask","Price":3.54790000,"Amount":7927.72000000,"Done":false},{"Time":"2019-03-01T08:11:02","Situation":"unknown","Type":"ask","Price":3.56170000,"Amount":10208.00000000,"Done":false},{"Time":"2019-03-01T08:11:02","Situation":"unknown","Type":"ask","Price":3.58000000,"Amount":7770.79000000,"Done":false},{"Time":"2019-03-01T08:16:05","Situation":"unknown","Type":"ask","Price":3.55260000,"Amount":10017.82000000,"Done":false},{"Time":"2019-03-01T08:16:05","Situation":"unknown","Type":"ask","Price":3.55430000,"Amount":17699.61000000,"Done":false},{"Time":"2019-03-01T08:16:05","Situation":"unknown","Type":"ask","Price":3.56170000,"Amount":10208.00000000,"Done":false},{"Time":"2019-03-01T08:16:05","Situation":"unknown","Type":"ask","Price":3.58000000,"Amount":7870.79000000,"Done":false},{"Time":"2019-03-01T08:21:05","Situation":"unknown","Type":"ask","Price":3.55810000,"Amount":10103.94000000,"Done":false},{"Time":"2019-03-01T08:21:05","Situation":"unknown","Type":"ask","Price":3.56160000,"Amount":13717.85000000,"Done":false},{"Time":"2019-03-01T08:21:05","Situation":"unknown","Type":"ask","Price":3.57340000,"Amount":10208.00000000,"Done":false},{"Time":"2019-03-01T08:21:05","Situation":"unknown","Type":"ask","Price":3.58000000,"Amount":7870.79000000,"Done":false},{"Time":"2019-03-01T08:26:07","Situation":"unknown","Type":"ask","Price":3.55280000,"Amount":9369.03000000,"Done":false},{"Time":"2019-03-01T08:26:07","Situation":"unknown","Type":"ask","Price":3.56160000,"Amount":13717.85000000,"Done":false},{"Time":"2019-03-01T08:26:07","Situation":"unknown","Type":"ask","Price":3.57340000,"Amount":10208.00000000,"Done":false},{"Time":"2019-03-01T08:26:07","Situation":"unknown","Type":"ask","Price":3.58000000,"Amount":7770.79000000,"Done":false},{"Time":"2019-03-01T08:31:08","Situation":"unknown","Type":"ask","Price":3.55030000,"Amount":12518.69000000,"Done":false},{"Time":"2019-03-01T08:31:08","Situation":"unknown","Type":"ask","Price":3.55680000,"Amount":17836.20000000,"Done":false},{"Time":"2019-03-01T08:31:08","Situation":"unknown","Type":"ask","Price":3.57340000,"Amount":10208.00000000,"Done":false},{"Time":"2019-03-01T08:31:08","Situation":"unknown","Type":"ask","Price":3.58000000,"Amount":7770.79000000,"Done":false},{"Time":"2019-03-01T08:36:10","Situation":"unknown","Type":"ask","Price":3.55480000,"Amount":9420.99000000,"Done":false},{"Time":"2019-03-01T08:36:10","Situation":"unknown","Type":"ask","Price":3.55680000,"Amount":17836.20000000,"Done":false},{"Time":"2019-03-01T08:36:10","Situation":"unknown","Type":"ask","Price":3.56240000,"Amount":10221.23000000,"Done":false},{"Time":"2019-03-01T08:36:10","Situation":"unknown","Type":"ask","Price":3.58000000,"Amount":7770.79000000,"Done":false},{"Time":"2019-03-01T08:41:10","Situation":"unknown","Type":"ask","Price":3.54230000,"Amount":11501.12000000,"Done":false},{"Time":"2019-03-01T08:41:10","Situation":"unknown","Type":"ask","Price":3.55480000,"Amount":9420.99000000,"Done":false},{"Time":"2019-03-01T08:41:10","Situation":"unknown","Type":"ask","Price":3.56240000,"Amount":10221.23000000,"Done":false},{"Time":"2019-03-01T08:46:14","Situation":"unknown","Type":"ask","Price":3.53930000,"Amount":11608.97000000,"Done":false},{"Time":"2019-03-01T08:46:14","Situation":"unknown","Type":"ask","Price":3.54770000,"Amount":14432.29000000,"Done":false},{"Time":"2019-03-01T08:46:14","Situation":"unknown","Type":"ask","Price":3.55140000,"Amount":10228.00000000,"Done":false},{"Time":"2019-03-01T08:46:14","Situation":"unknown","Type":"ask","Price":3.58000000,"Amount":7770.79000000,"Done":false},{"Time":"2019-03-01T08:51:18","Situation":"unknown","Type":"ask","Price":3.54330000,"Amount":11392.92000000,"Done":false},{"Time":"2019-03-01T08:51:18","Situation":"unknown","Type":"ask","Price":3.54770000,"Amount":14432.29000000,"Done":false},{"Time":"2019-03-01T08:51:18","Situation":"unknown","Type":"ask","Price":3.55140000,"Amount":10228.00000000,"Done":false},{"Time":"2019-03-01T08:51:18","Situation":"unknown","Type":"ask","Price":3.58000000,"Amount":7770.79000000,"Done":false},{"Time":"2019-03-01T08:56:19","Situation":"unknown","Type":"ask","Price":3.54440000,"Amount":8678.54000000,"Done":false},{"Time":"2019-03-01T08:56:19","Situation":"unknown","Type":"ask","Price":3.54770000,"Amount":14432.29000000,"Done":false},{"Time":"2019-03-01T08:56:19","Situation":"unknown","Type":"ask","Price":3.55140000,"Amount":10228.00000000,"Done":false},{"Time":"2019-03-01T08:56:19","Situation":"unknown","Type":"ask","Price":3.58000000,"Amount":7770.79000000,"Done":false},{"Time":"2019-03-01T09:01:20","Situation":"unknown","Type":"ask","Price":3.54880000,"Amount":8044.30000000,"Done":false},{"Time":"2019-03-01T09:01:20","Situation":"unknown","Type":"ask","Price":3.55290000,"Amount":11159.46000000,"Done":false},{"Time":"2019-03-01T09:01:20","Situation":"unknown","Type":"ask","Price":3.55600000,"Amount":15491.79000000,"Done":false},{"Time":"2019-03-01T09:01:20","Situation":"unknown","Type":"ask","Price":3.56260000,"Amount":10208.00000000,"Done":false},{"Time":"2019-03-01T09:01:20","Situation":"unknown","Type":"ask","Price":3.58000000,"Amount":7770.79000000,"Done":false},{"Time":"2019-03-01T09:04:16","Situation":"unknown","Type":"ask","Price":3.56290000,"Amount":8044.30000000,"Done":false},{"Time":"2019-03-01T09:04:16","Situation":"unknown","Type":"ask","Price":3.57560000,"Amount":10208.00000000,"Done":false},{"Time":"2019-03-01T09:04:16","Situation":"unknown","Type":"ask","Price":3.58000000,"Amount":7770.79000000,"Done":false},{"Time":"2019-03-01T09:06:39","Situation":"unknown","Type":"ask","Price":3.58000000,"Amount":7770.79000000,"Done":false},{"Time":"2019-03-01T09:06:39","Situation":"unknown","Type":"ask","Price":3.58320000,"Amount":12017.95000000,"Done":false},{"Time":"2019-03-01T09:06:39","Situation":"unknown","Type":"ask","Price":3.58490000,"Amount":14030.72000000,"Done":false},{"Time":"2019-03-01T09:06:39","Situation":"unknown","Type":"ask","Price":3.58770000,"Amount":10208.00000000,"Done":false},{"Time":"2019-03-01T09:09:40","Situation":"unknown","Type":"ask","Price":3.56360000,"Amount":8938.31000000,"Done":false},{"Time":"2019-03-01T09:09:40","Situation":"unknown","Type":"ask","Price":3.57590000,"Amount":11467.57000000,"Done":false},{"Time":"2019-03-01T09:09:40","Situation":"unknown","Type":"ask","Price":3.58000000,"Amount":7770.79000000,"Done":false},{"Time":"2019-03-01T09:09:40","Situation":"unknown","Type":"ask","Price":3.58680000,"Amount":10208.00000000,"Done":false},{"Time":"2019-03-01T09:14:40","Situation":"unknown","Type":"ask","Price":3.57230000,"Amount":13078.18000000,"Done":false},{"Time":"2019-03-01T09:14:40","Situation":"unknown","Type":"ask","Price":3.57310000,"Amount":17269.21000000,"Done":false},{"Time":"2019-03-01T09:14:40","Situation":"unknown","Type":"ask","Price":3.58000000,"Amount":7770.79000000,"Done":false},{"Time":"2019-03-01T09:14:40","Situation":"unknown","Type":"ask","Price":3.58680000,"Amount":10208.00000000,"Done":false},{"Time":"2019-03-01T09:19:43","Situation":"unknown","Type":"ask","Price":3.55780000,"Amount":7469.74000000,"Done":false},{"Time":"2019-03-01T09:19:43","Situation":"unknown","Type":"ask","Price":3.56230000,"Amount":12382.88000000,"Done":false},{"Time":"2019-03-01T09:19:43","Situation":"unknown","Type":"ask","Price":3.56590000,"Amount":12709.83000000,"Done":false},{"Time":"2019-03-01T09:19:43","Situation":"unknown","Type":"ask","Price":3.58000000,"Amount":7870.79000000,"Done":false},{"Time":"2019-03-01T09:19:43","Situation":"unknown","Type":"ask","Price":3.58680000,"Amount":10208.00000000,"Done":false},{"Time":"2019-03-01T09:24:47","Situation":"unknown","Type":"ask","Price":3.56620000,"Amount":8044.30000000,"Done":false},{"Time":"2019-03-01T09:24:47","Situation":"unknown","Type":"ask","Price":3.57060000,"Amount":12666.79000000,"Done":false},{"Time":"2019-03-01T09:24:47","Situation":"unknown","Type":"ask","Price":3.57290000,"Amount":11531.40000000,"Done":false},{"Time":"2019-03-01T09:24:47","Situation":"unknown","Type":"ask","Price":3.58000000,"Amount":7770.79000000,"Done":false},{"Time":"2019-03-01T09:24:47","Situation":"unknown","Type":"ask","Price":3.58680000,"Amount":10208.00000000,"Done":false},{"Time":"2019-03-01T09:29:49","Situation":"unknown","Type":"ask","Price":3.56880000,"Amount":8044.30000000,"Done":false},{"Time":"2019-03-01T09:29:49","Situation":"unknown","Type":"ask","Price":3.57240000,"Amount":12726.98000000,"Done":false},{"Time":"2019-03-01T09:29:49","Situation":"unknown","Type":"ask","Price":3.57290000,"Amount":11531.40000000,"Done":false},{"Time":"2019-03-01T09:29:49","Situation":"unknown","Type":"ask","Price":3.58680000,"Amount":10208.00000000,"Done":false},{"Time":"2019-03-01T09:34:52","Situation":"unknown","Type":"ask","Price":3.56740000,"Amount":9450.39000000,"Done":false},{"Time":"2019-03-01T09:34:52","Situation":"unknown","Type":"ask","Price":3.56920000,"Amount":7996.99000000,"Done":false},{"Time":"2019-03-01T09:34:52","Situation":"unknown","Type":"ask","Price":3.57290000,"Amount":11531.40000000,"Done":false},{"Time":"2019-03-01T09:34:52","Situation":"unknown","Type":"ask","Price":3.58680000,"Amount":10208.00000000,"Done":false},{"Time":"2019-03-01T09:39:52","Situation":"unknown","Type":"ask","Price":3.56790000,"Amount":8663.27000000,"Done":false},{"Time":"2019-03-01T09:39:52","Situation":"unknown","Type":"ask","Price":3.57070000,"Amount":12140.53000000,"Done":false},{"Time":"2019-03-01T09:39:52","Situation":"unknown","Type":"ask","Price":3.57530000,"Amount":17909.29000000,"Done":false},{"Time":"2019-03-01T09:39:52","Situation":"unknown","Type":"ask","Price":3.58680000,"Amount":10208.00000000,"Done":false},{"Time":"2019-03-01T09:44:54","Situation":"unknown","Type":"ask","Price":3.57450000,"Amount":12016.32000000,"Done":false},{"Time":"2019-03-01T09:44:54","Situation":"unknown","Type":"ask","Price":3.57650000,"Amount":18748.59000000,"Done":false},{"Time":"2019-03-01T09:44:54","Situation":"unknown","Type":"ask","Price":3.58680000,"Amount":10208.00000000,"Done":false},{"Time":"2019-03-01T09:49:58","Situation":"unknown","Type":"ask","Price":3.56710000,"Amount":9254.95000000,"Done":false},{"Time":"2019-03-01T09:49:58","Situation":"unknown","Type":"ask","Price":3.57650000,"Amount":18748.59000000,"Done":false},{"Time":"2019-03-01T09:49:58","Situation":"unknown","Type":"ask","Price":3.58680000,"Amount":10208.00000000,"Done":false},{"Time":"2019-03-01T09:55:02","Situation":"unknown","Type":"ask","Price":3.55930000,"Amount":11815.95000000,"Done":false},{"Time":"2019-03-01T09:55:02","Situation":"unknown","Type":"ask","Price":3.57060000,"Amount":13169.35000000,"Done":false},{"Time":"2019-03-01T10:00:06","Situation":"unknown","Type":"ask","Price":3.55470000,"Amount":12496.69000000,"Done":false},{"Time":"2019-03-01T10:00:06","Situation":"unknown","Type":"ask","Price":3.56380000,"Amount":12868.83000000,"Done":false},{"Time":"2019-03-01T10:05:09","Situation":"unknown","Type":"ask","Price":3.54630000,"Amount":7971.24000000,"Done":false},{"Time":"2019-03-01T10:05:09","Situation":"unknown","Type":"ask","Price":3.55090000,"Amount":8738.94000000,"Done":false},{"Time":"2019-03-01T10:05:09","Situation":"unknown","Type":"ask","Price":3.55770000,"Amount":17481.50000000,"Done":false},{"Time":"2019-03-01T10:10:11","Situation":"unknown","Type":"ask","Price":3.55150000,"Amount":6483.83000000,"Done":false},{"Time":"2019-03-01T10:10:11","Situation":"unknown","Type":"ask","Price":3.55490000,"Amount":13745.73000000,"Done":false},{"Time":"2019-03-01T10:10:11","Situation":"unknown","Type":"ask","Price":3.56150000,"Amount":14471.08000000,"Done":false},{"Time":"2019-03-01T10:15:13","Situation":"unknown","Type":"ask","Price":3.54740000,"Amount":10230.69000000,"Done":false},{"Time":"2019-03-01T10:15:13","Situation":"unknown","Type":"ask","Price":3.55560000,"Amount":11899.54000000,"Done":false},{"Time":"2019-03-01T10:20:13","Situation":"unknown","Type":"ask","Price":3.55200000,"Amount":11660.09000000,"Done":false},{"Time":"2019-03-01T10:20:13","Situation":"unknown","Type":"ask","Price":3.55560000,"Amount":11899.54000000,"Done":false},{"Time":"2019-03-01T10:25:17","Situation":"unknown","Type":"ask","Price":3.55400000,"Amount":12706.42000000,"Done":false},{"Time":"2019-03-01T10:25:17","Situation":"unknown","Type":"ask","Price":3.56310000,"Amount":17750.21000000,"Done":false},{"Time":"2019-03-01T10:25:17","Situation":"unknown","Type":"ask","Price":3.56470000,"Amount":10208.00000000,"Done":false},{"Time":"2019-03-01T10:30:17","Situation":"unknown","Type":"ask","Price":3.55400000,"Amount":12649.93000000,"Done":false},{"Time":"2019-03-01T10:30:17","Situation":"unknown","Type":"ask","Price":3.56310000,"Amount":17750.21000000,"Done":false},{"Time":"2019-03-01T10:30:17","Situation":"unknown","Type":"ask","Price":3.56470000,"Amount":10208.00000000,"Done":false},{"Time":"2019-03-01T10:35:21","Situation":"unknown","Type":"ask","Price":3.55140000,"Amount":11705.38000000,"Done":false},{"Time":"2019-03-01T10:35:21","Situation":"unknown","Type":"ask","Price":3.55620000,"Amount":16213.83000000,"Done":false},{"Time":"2019-03-01T10:35:21","Situation":"unknown","Type":"ask","Price":3.56470000,"Amount":10208.00000000,"Done":false},{"Time":"2019-03-01T10:40:23","Situation":"unknown","Type":"ask","Price":3.54310000,"Amount":7814.75000000,"Done":false},{"Time":"2019-03-01T10:40:23","Situation":"unknown","Type":"ask","Price":3.54960000,"Amount":8508.43000000,"Done":false},{"Time":"2019-03-01T10:40:23","Situation":"unknown","Type":"ask","Price":3.55620000,"Amount":16213.83000000,"Done":false},{"Time":"2019-03-01T10:40:23","Situation":"unknown","Type":"ask","Price":3.56470000,"Amount":10208.00000000,"Done":false},{"Time":"2019-03-01T10:45:27","Situation":"unknown","Type":"ask","Price":3.55590000,"Amount":11631.46000000,"Done":false},{"Time":"2019-03-01T10:45:27","Situation":"unknown","Type":"ask","Price":3.55620000,"Amount":16213.83000000,"Done":false},{"Time":"2019-03-01T10:45:27","Situation":"unknown","Type":"ask","Price":3.56470000,"Amount":10208.00000000,"Done":false},{"Time":"2019-03-01T10:50:31","Situation":"unknown","Type":"ask","Price":3.55990000,"Amount":11775.84000000,"Done":false},{"Time":"2019-03-01T10:50:31","Situation":"unknown","Type":"ask","Price":3.56250000,"Amount":15043.61000000,"Done":false},{"Time":"2019-03-01T10:50:31","Situation":"unknown","Type":"ask","Price":3.56470000,"Amount":10208.00000000,"Done":false},{"Time":"2019-03-01T10:55:34","Situation":"unknown","Type":"ask","Price":3.55990000,"Amount":10975.85000000,"Done":false},{"Time":"2019-03-01T10:55:34","Situation":"unknown","Type":"ask","Price":3.56250000,"Amount":15043.61000000,"Done":false},{"Time":"2019-03-01T10:55:34","Situation":"unknown","Type":"ask","Price":3.56470000,"Amount":10208.00000000,"Done":false},{"Time":"2019-03-01T11:00:35","Situation":"unknown","Type":"ask","Price":3.55990000,"Amount":10975.85000000,"Done":false},{"Time":"2019-03-01T11:00:35","Situation":"unknown","Type":"ask","Price":3.56250000,"Amount":15043.61000000,"Done":false},{"Time":"2019-03-01T11:00:35","Situation":"unknown","Type":"ask","Price":3.56470000,"Amount":10208.00000000,"Done":false},{"Time":"2019-03-01T11:05:39","Situation":"unknown","Type":"ask","Price":3.56470000,"Amount":10208.00000000,"Done":false},{"Time":"2019-03-01T11:05:39","Situation":"unknown","Type":"ask","Price":3.56640000,"Amount":11709.46000000,"Done":false},{"Time":"2019-03-01T11:05:39","Situation":"unknown","Type":"ask","Price":3.57170000,"Amount":15021.26000000,"Done":false},{"Time":"2019-03-01T11:10:43","Situation":"unknown","Type":"ask","Price":3.55180000,"Amount":9564.83000000,"Done":false},{"Time":"2019-03-01T11:10:43","Situation":"unknown","Type":"ask","Price":3.55610000,"Amount":16143.07000000,"Done":false},{"Time":"2019-03-01T11:10:43","Situation":"unknown","Type":"ask","Price":3.56470000,"Amount":10208.00000000,"Done":false},{"Time":"2019-03-01T11:15:43","Situation":"unknown","Type":"ask","Price":3.55290000,"Amount":12207.78000000,"Done":false},{"Time":"2019-03-01T11:15:43","Situation":"unknown","Type":"ask","Price":3.55610000,"Amount":16143.07000000,"Done":false},{"Time":"2019-03-01T11:15:43","Situation":"unknown","Type":"ask","Price":3.56470000,"Amount":10208.00000000,"Done":false},{"Time":"2019-03-01T11:20:47","Situation":"unknown","Type":"ask","Price":3.55020000,"Amount":7809.99000000,"Done":false},{"Time":"2019-03-01T11:20:47","Situation":"unknown","Type":"ask","Price":3.55130000,"Amount":10072.25000000,"Done":false},{"Time":"2019-03-01T11:20:47","Situation":"unknown","Type":"ask","Price":3.55610000,"Amount":16143.07000000,"Done":false},{"Time":"2019-03-01T11:20:47","Situation":"unknown","Type":"ask","Price":3.56470000,"Amount":10208.00000000,"Done":false},{"Time":"2019-03-01T11:25:47","Situation":"unknown","Type":"ask","Price":3.54220000,"Amount":9577.10000000,"Done":false},{"Time":"2019-03-01T11:25:47","Situation":"unknown","Type":"ask","Price":3.55380000,"Amount":10208.00000000,"Done":false},{"Time":"2019-03-01T11:25:47","Situation":"unknown","Type":"ask","Price":3.55610000,"Amount":16143.07000000,"Done":false},{"Time":"2019-03-01T11:30:51","Situation":"unknown","Type":"ask","Price":3.54240000,"Amount":9923.61000000,"Done":false},{"Time":"2019-03-01T11:30:51","Situation":"unknown","Type":"ask","Price":3.54720000,"Amount":18230.68000000,"Done":false},{"Time":"2019-03-01T11:30:51","Situation":"unknown","Type":"ask","Price":3.55380000,"Amount":10208.00000000,"Done":false},{"Time":"2019-03-01T11:35:53","Situation":"unknown","Type":"ask","Price":3.54480000,"Amount":10301.70000000,"Done":false},{"Time":"2019-03-01T11:35:53","Situation":"unknown","Type":"ask","Price":3.54720000,"Amount":18230.68000000,"Done":false},{"Time":"2019-03-01T11:35:53","Situation":"unknown","Type":"ask","Price":3.55380000,"Amount":10208.00000000,"Done":false},{"Time":"2019-03-01T11:40:56","Situation":"unknown","Type":"ask","Price":3.54290000,"Amount":9467.41000000,"Done":false},{"Time":"2019-03-01T11:40:56","Situation":"unknown","Type":"ask","Price":3.54720000,"Amount":18230.68000000,"Done":false},{"Time":"2019-03-01T11:40:56","Situation":"unknown","Type":"ask","Price":3.55380000,"Amount":10208.00000000,"Done":false},{"Time":"2019-03-01T11:45:56","Situation":"unknown","Type":"ask","Price":3.54350000,"Amount":9683.57000000,"Done":false},{"Time":"2019-03-01T11:45:56","Situation":"unknown","Type":"ask","Price":3.54720000,"Amount":18230.68000000,"Done":false},{"Time":"2019-03-01T11:45:56","Situation":"unknown","Type":"ask","Price":3.55380000,"Amount":10208.00000000,"Done":false},{"Time":"2019-03-01T11:50:59","Situation":"unknown","Type":"ask","Price":3.53920000,"Amount":12789.78000000,"Done":false},{"Time":"2019-03-01T11:50:59","Situation":"unknown","Type":"ask","Price":3.54720000,"Amount":18230.68000000,"Done":false},{"Time":"2019-03-01T11:50:59","Situation":"unknown","Type":"ask","Price":3.55380000,"Amount":10208.00000000,"Done":false},{"Time":"2019-03-01T11:56:00","Situation":"unknown","Type":"ask","Price":3.52730000,"Amount":6124.42000000,"Done":false},{"Time":"2019-03-01T11:56:00","Situation":"unknown","Type":"ask","Price":3.53330000,"Amount":13230.21000000,"Done":false},{"Time":"2019-03-01T11:56:00","Situation":"unknown","Type":"ask","Price":3.54120000,"Amount":14456.98000000,"Done":false},{"Time":"2019-03-01T11:56:00","Situation":"unknown","Type":"ask","Price":3.55380000,"Amount":10208.00000000,"Done":false},{"Time":"2019-03-01T12:01:02","Situation":"unknown","Type":"ask","Price":3.53870000,"Amount":7985.94000000,"Done":false},{"Time":"2019-03-01T12:01:02","Situation":"unknown","Type":"ask","Price":3.54720000,"Amount":14758.91000000,"Done":false},{"Time":"2019-03-01T12:01:02","Situation":"unknown","Type":"ask","Price":3.55380000,"Amount":10208.00000000,"Done":false},{"Time":"2019-03-01T12:06:05","Situation":"unknown","Type":"ask","Price":3.54000000,"Amount":10065.03000000,"Done":false},{"Time":"2019-03-01T12:06:05","Situation":"unknown","Type":"ask","Price":3.54280000,"Amount":14311.06000000,"Done":false},{"Time":"2019-03-01T12:06:05","Situation":"unknown","Type":"ask","Price":3.55380000,"Amount":10208.00000000,"Done":false},{"Time":"2019-03-01T12:11:08","Situation":"unknown","Type":"ask","Price":3.54760000,"Amount":11303.55000000,"Done":false},{"Time":"2019-03-01T12:11:08","Situation":"unknown","Type":"ask","Price":3.54910000,"Amount":16603.53000000,"Done":false},{"Time":"2019-03-01T12:11:08","Situation":"unknown","Type":"ask","Price":3.55380000,"Amount":10208.00000000,"Done":false},{"Time":"2019-03-01T12:16:08","Situation":"unknown","Type":"ask","Price":3.54760000,"Amount":11303.55000000,"Done":false},{"Time":"2019-03-01T12:16:08","Situation":"unknown","Type":"ask","Price":3.54910000,"Amount":16603.53000000,"Done":false},{"Time":"2019-03-01T12:16:08","Situation":"unknown","Type":"ask","Price":3.55380000,"Amount":10208.00000000,"Done":false},{"Time":"2019-03-01T12:21:08","Situation":"unknown","Type":"ask","Price":3.54510000,"Amount":11563.27000000,"Done":false},{"Time":"2019-03-01T12:21:08","Situation":"unknown","Type":"ask","Price":3.54910000,"Amount":16603.53000000,"Done":false},{"Time":"2019-03-01T12:21:08","Situation":"unknown","Type":"ask","Price":3.55380000,"Amount":10208.00000000,"Done":false},{"Time":"2019-03-01T12:26:09","Situation":"unknown","Type":"ask","Price":3.54710000,"Amount":8052.82000000,"Done":false},{"Time":"2019-03-01T12:26:09","Situation":"unknown","Type":"ask","Price":3.54910000,"Amount":16603.53000000,"Done":false},{"Time":"2019-03-01T12:26:09","Situation":"unknown","Type":"ask","Price":3.55380000,"Amount":10208.00000000,"Done":false}