{"OrderBookAsks":[{"Time":"2019-04-01T06:04:06","Situation":"trend","Type":"ask","Price":0.31500000,"Amount":376472.50000000,"Done":false},{"Time":"2019-04-01T06:09:07","Situation":"flat","Type":"ask","Price":0.31500000,"Amount":358498.60000000,"Done":false},{"Time":"2019-04-01T06:14:10","Situation":"flat","Type":"ask","Price":0.31500000,"Amount":361186.00000000,"Done":false},{"Time":"2019-04-01T06:19:12","Situation":"flat","Type":"ask","Price":0.31500000,"Amount":371086.00000000,"Done":false},{"Time":"2019-04-01T06:20:35","Situation":"trend","Type":"ask","Price":0.31500000,"Amount":363607.70000000,"Done":false},{"Time":"2019-04-01T06:25:36","Situation":"flat","Type":"ask","Price":0.31500000,"Amount":351473.90000000,"Done":false},{"Time":"2019-04-01T06:30:36","Situation":"flat","Type":"ask","Price":0.31500000,"Amount":325929.10000000,"Done":false},{"Time":"2019-04-01T06:35:36","Situation":"flat","Type":"ask","Price":0.31500000,"Amount":325929.10000000,"Done":false},{"Time":"2019-04-01T06:40:40","Situation":"flat","Type":"ask","Price":0.31500000,"Amount":324229.90000000,"Done":false},{"Time":"2019-04-01T06:45:42","Situation":"flat","Type":"ask","Price":0.31500000,"Amount":324229.90000000,"Done":false},{"Time":"2019-04-01T06:50:45","Situation":"flat","Type":"ask","Price":0.31500000,"Amount":327694.90000000,"Done":false},{"Time":"2019-04-01T06:55:46","Situation":"flat","Type":"ask","Price":0.31500000,"Amount":326059.60000000,"Done":false},{"Time":"2019-04-01T07:00:48","Situation":"flat","Type":"ask","Price":0.31500000,"Amount":360839.10000000,"Done":false},{"Time":"2019-04-01T07:05:50","Situation":"flat","Type":"ask","Price":0.31500000,"Amount":350829.20000000,"Done":false},{"Time":"2019-04-01T07:10:52","Situation":"flat","Type":"ask","Price":0.31500000,"Amount":350829.20000000,"Done":false},{"Time":"2019-04-01T07:15:55","Situation":"flat","Type":"ask","Price":0.31500000,"Amount":350829.20000000,"Done":false},{"Time":"2019-04-01T07:20:58","Situation":"flat","Type":"ask","Price":0.31500000,"Amount":350829.20000000,"Done":false},{"Time":"2019-04-01T07:26:00","Situation":"flat","Type":"ask","Price":0.31500000,"Amount":350829.20000000,"Done":false},{"Time":"2019-04-01T07:31:07","Situation":"flat","Type":"ask","Price":0.31500000,"Amount":350864.10000000,"Done":false},{"Time":"2019-04-01T07:36:10","Situation":"flat","Type":"ask","Price":0.31500000,"Amount":351573.60000000,"Done":false},{"Time":"2019-04-01T07:41:10","Situation":"flat","Type":"ask","Price":0.31500000,"Amount":351573.60000000,"Done":false},{"Time":"2019-04-01T07:46:11","Situation":"flat","Type":"ask","Price":0.31500000,"Amount":349528.50000000,"Done":false},{"Time":"2019-04-01T07:51:12","Situation":"flat","Type":"ask","Price":0.31500000,"Amount":349528.50000000,"Done":false},{"Time":"2019-04-01T08:01:16","Situation":"flat","Type":"ask","Price":0.31500000,"Amount":349673.00000000,"Done":false},{"Time":"2019-04-01T08:06:16","Situation":"flat","Type":"ask","Price":0.31500000,"Amount":349673.00000000,"Done":false},{"Time":"2019-04-01T08:21:26","Situation":"flat","Type":"ask","Price":0.31500000,"Amount":349673.00000000,"Done":false},{"Time":"2019-04-01T08:26:29","Situation":"flat","Type":"ask","Price":0.31500000,"Amount":349673.00000000,"Done":false},{"Time":"2019-04-01T08:56:36","Situation":"flat","Type":"ask","Price":0.31500000,"Amount":352077.10000000,"Done":false},{"Time":"2019-04-01T09:06:36","Situation":"flat","Type":"ask","Price":0.31500000,"Amount":352077.10000000,"Done":false},{"Time":"2019-04-01T09:41:51","Situation":"flat","Type":"ask","Price":0.31500000,"Amount":350962.90000000,"Done":false},{"Time":"2019-04-01T11:32:33","Situation":"flat","Type":"ask","Price":0.31500000,"Amount":367967.60000000,"Done":false},{"Time":"2019-04-01T11:52:41","Situation":"flat","Type":"ask","Price":0.31500000,"Amount":368944.90000000,"Done":false},{"Time":"2019-04-01T12:02:42","Situation":"flat","Type":"ask","Price":0.31500000,"Amount":368944.90000000,"Done":false},{"Time":"2019-04-01T12:07:46","Situation":"flat","Type":"ask","Price":0.31500000,"Amount":368944.90000000,"Done":false},{"Time":"2019-04-01T12:12:50","Situation":"flat","Type":"ask","Price":0.31500000,"Amount":368944.90000000,"Done":false},{"Time":"2019-04-01T12:17:52","Situation":"flat","Type":"ask","Price":0.31500000,"Amount":369834.20000000,"Done":false},{"Time":"2019-04-01T12:22:52","Situation":"flat","Type":"ask","Price":0.31500000,"Amount":367944.90000000,"Done":false},{"Time":"2019-04-01T12:27:55","Situation":"flat","Type":"ask","Price":0.31500000,"Amount":376499.70000000,"Done":false},{"Time":"2019-04-01T12:32:58","Situation":"flat","Type":"ask","Price":0.31500000,"Amount":374726.20000000,"Done":false},{"Time":"2019-04-01T12:38:00","Situation":"flat","Type":"ask","Price":0.31500000,"Amount":374726.20000000,"Done":false},{"Time":"2019-04-01T12:43:06","Situation":"flat","Type":"ask","Price":0.31500000,"Amount":374726.20000000,"Done":false},{"Time":"2019-04-01T12:48:08","Situation":"flat","Type":"ask","Price":0.31500000,"Amount":374726.20000000,"Done":false},{"Time":"2019-04-01T12:53:12","Situation":"flat","Type":"ask","Price":0.31500000,"Amount":374726.20000000,"Done":false},{"Time":"2019-04-01T12:58:16","Situation":"flat","Type":"ask","Price":0.31500000,"Amount":366671.40000000,"Done":false},{"Time":"2019-04-01T13:03:16","Situation":"flat","Type":"ask","Price":0.31500000,"Amount":366671.40000000,"Done":false},{"Time":"2019-04-01T13:08:17","Situation":"flat","Type":"ask","Price":0.31500000,"Amount":375722.50000000,"Done":false},{"Time":"2019-04-01T13:13:21","Situation":"flat","Type":"ask","Price":0.31500000,"Amount":375822.00000000,"Done":false},{"Time":"2019-04-01T13:18:21","Situation":"flat","Type":"ask","Price":0.31500000,"Amount":375822.00000000,"Done":false},{"Time":"2019-04-01T13:23:18","Situation":"trend","Type":"ask","Price":0.31500000,"Amount":359939.40000000,"Done":false},{"Time":"2019-04-01T13:28:18","Situation":"flat","Type":"ask","Price":0.31500000,"Amount":363145.20000000,"Done":false},{"Time":"2019-04-01T13:33:22","Situation":"flat","Type":"ask","Price":0.31500000,"Amount":357928.00000000,"Done":false},{"Time":"2019-04-01T13:38:23","Situation":"flat","Type":"ask","Price":0.31500000,"Amount":357928.00000000,"Done":false},{"Time":"2019-04-01T13:43:26","Situation":"flat","Type":"ask","Price":0.31500000,"Amount":387638.60000000,"Done":false},{"Time":"2019-04-01T13:48:29","Situation":"flat","Type":"ask","Price":0.31213000,"Amount":461698.30000000,"Done":false},{"Time":"2019-04-01T13:48:29","Situation":"flat","Type":"ask","Price":0.31500000,"Amount":387638.60000000,"Done":false},{"Time":"2019-04-01T13:53:33","Situation":"flat","Type":"ask","Price":0.31500000,"Amount":387851.10000000,"Done":false},{"Time":"2019-04-01T13:58:36","Situation":"flat","Type":"ask","Price":0.31500000,"Amount":387851.10000000,"Done":false},{"Time":"2019-04-01T14:03:37","Situation":"flat","Type":"ask","Price":0.31500000,"Amount":387851.10000000,"Done":false},{"Time":"2019-04-01T14:08:37","Situation":"flat","Type":"ask","Price":0.31500000,"Amount":386851.10000000,"Done":false},{"Time":"2019-04-01T14:13:40","Situation":"flat","Type":"ask","Price":0.31500000,"Amount":387851.10000000,"Done":false},{"Time":"2019-04-01T14:18:41","Situation":"flat","Type":"ask","Price":0.31500000,"Amount":386851.10000000,"Done":false},{"Time":"2019-04-01T14:23:45","Situation":"flat","Type":"ask","Price":0.31500000,"Amount":386851.10000000,"Done":false},{"Time":"2019-04-01T14:28:46","Situation":"flat","Type":"ask","Price":0.31500000,"Amount":388873.60000000,"Done":false},{"Time":"2019-04-01T14:33:48","Situation":"flat","Type":"ask","Price":0.31500000,"Amount":382126.70000000,"Done":false},{"Time":"2019-04-01T14:38:50","Situation":"flat","Type":"ask","Price":0.31500000,"Amount":346581.90000000,"Done":false},{"Time":"2019-04-01T14:43:52","Situation":"flat","Type":"ask","Price":0.31500000,"Amount":346581.90000000,"Done":false},{"Time":"2019-04-01T14:48:56","Situation":"flat","Type":"ask","Price":0.31500000,"Amount":346581.90000000,"Done":false},{"Time":"2019-04-01T15:04:07","Situation":"flat","Type":"ask","Price":0.31500000,"Amount":345518.10000000,"Done":false},{"Time":"2019-04-01T19:39:52","Situation":"flat","Type":"ask","Price":0.31500000,"Amount":338458.30000000,"Done":false},{"Time":"2019-04-01T19:39:53","Situation":"flat","Type":"ask","Price":0.31500000,"Amount":338458.30000000,"Done":false},{"Time":"2019-04-01T19:44:56","Situation":"flat","Type":"ask","Price":0.31500000,"Amount":338458.30000000,"Done":false},{"Time":"2019-04-01T19:44:56","Situation":"flat","Type":"ask","Price":0.31500000,"Amount":338458.30000000,"Done":false},{"Time":"2019-04-01T19:49:57","Situation":"flat","Type":"ask","Price":0.31500000,"Amount":338458.30000000,"Done":false},{"Time":"2019-04-01T19:50:04","Situation":"flat","Type":"ask","Price":0.31500000,"Amount":338458.30000000,"Done":false},{"Time":"2019-04-01T19:53:40","Situation":"flat","Type":"ask","Price":0.31500000,"Amount":338458.30000000,"Done":false},{"Time":"2019-04-01T19:55:00","Situation":"flat","Type":"ask","Price":0.31500000,"Amount":338458.30000000,"Done":false},{"Time":"2019-04-01T19:55:18","Situation":"flat","Type":"ask","Price":0.31500000,"Amount":338458.30000000,"Done":false},{"Time":"2019-04-01T19:58:43","Situation":"flat","Type":"ask","Price":0.31500000,"Amount":338458.30000000,"Done":false},{"Time":"2019-04-01T20:00:02","Situation":"flat","Type":"ask","Price":0.31500000,"Amount":338458.30000000,"Done":false},{"Time":"2019-04-01T20:00:25","Situation":"flat","Type":"ask","Price":0.31500000,"Amount":338458.30000000,"Done":false},{"Time":"2019-04-01T20:03:46","Situation":"flat","Type":"ask","Price":0.31500000,"Amount":338458.30000000,"Done":false},{"Time":"2019-04-01T20:05:26","Situation":"flat","Type":"ask","Price":0.31500000,"Amount":338458.30000000,"Done":false},{"Time":"2019-04-01T21:00:14","Situation":"flat","Type":"ask","Price":0.31500000,"Amount":338458.30000000,"Done":false},{"Time":"2019-04-01T21:05:14","Situation":"flat","Type":"ask","Price":0.31500000,"Amount":338458.30000000,"Done":false},{"Time":"2019-04-01T21:10:15","Situation":"flat","Type":"ask","Price":0.31500000,"Amount":338458.30000000,"Done":false},{"Time":"2019-04-01T21:15:19","Situation":"flat","Type":"ask","Price":0.31500000,"Amount":348548.20000000,"Done":false},{"Time":"2019-04-01T21:20:19","Situation":"flat","Type":"ask","Price":0.31500000,"Amount":348548.20000000,"Done":false},{"Time":"2019-04-01T21:25:19","Situation":"flat","Type":"ask","Price":0.31500000,"Amount":348403.70000000,"Done":false},{"Time":"2019-04-01T21:30:19","Situation":"flat","Type":"ask","Price":0.31500000,"Amount":352403.60000000,"Done":false},{"Time":"2019-04-01T21:35:19","Situation":"flat","Type":"ask","Price":0.31500000,"Amount":338313.80000000,"Done":false},{"Time":"2019-04-01T21:40:19","Situation":"flat","Type":"ask","Price":0.31500000,"Amount":337954.70000000,"Done":false},{"Time":"2019-04-01T21:45:19","Situation":"flat","Type":"ask","Price":0.31500000,"Amount":337954.70000000,"Done":false},{"Time":"2019-04-01T21:50:20","Situation":"flat","Type":"ask","Price":0.31500000,"Amount":342305.70000000,"Done":false},{"Time":"2019-04-01T21:55:20","Situation":"flat","Type":"ask","Price":0.31500000,"Amount":342305.70000000,"Done":false},{"Time":"2019-04-01T22:00:20","Situation":"flat","Type":"ask","Price":0.31500000,"Amount":342305.70000000,"Done":false},{"Time":"2019-04-01T22:05:20","Situation":"flat","Type":"ask","Price":0.31500000,"Amount":342305.70000000,"Done":false},{"Time":"2019-04-01T22:10:20","Situation":"flat","Type":"ask","Price":0.31500000,"Amount":342305.70000000,"Done":false},{"Time":"2019-04-01T22:15:23","Situation":"flat","Type":"ask","Price":0.31500000,"Amount":342305.70000000,"Done":false},{"Time":"2019-04-01T22:20:24","Situation":"flat","Type":"ask","Price":0.31500000,"Amount":342305.70000000,"Done":false},{"Time":"2019-04-01T22:25:25","Situation":"flat","Type":"ask","Price":0.31500000,"Amount":342305.70000000,"Done":false},{"Time":"2019-04-01T22:30:25","Situation":"flat","Type":"ask","Price":0.31500000,"Amount":328081.90000000,"Done":false},{"Time":"2019-04-01T22:35:26","Situation":"flat","Type":"ask","Price":0.31500000,"Amount":330437.10000000,"Done":false},{"Time":"2019-04-01T22:40:29","Situation":"flat","Type":"ask","Price":0.31500000,"Amount":330437.10000000,"Done":false},{"Time":"2019-04-01T22:45:29","Situation":"flat","Type":"ask","Price":0.31500000,"Amount":330437.10000000,"Done":false},{"Time":"2019-04-01T22:50:29","Situation":"flat","Type":"ask","Price":0.31500000,"Amount":370468.00000000,"Done":false},{"Time":"2019-04-01T22:55:29","Situation":"flat","Type":"ask","Price":0.31500000,"Amount":370468.00000000,"Done":false},{"Time":"2019-04-01T23:00:29","Situation":"flat","Type":"ask","Price":0.31500000,"Amount":370468.00000000,"Done":false},{"Time":"2019-04-01T23:05:30","Situation":"flat","Type":"ask","Price":0.31500000,"Amount":370468.00000000,"Done":false},{"Time":"2019-04-01T23:10:34","Situation":"flat","Type":"ask","Price":0.31500000,"Amount":370468.00000000,"Done":false},{"Time":"2019-04-01T23:15:34","Situation":"flat","Type":"ask","Price":0.31500000,"Amount":370648.50000000,"Done":false},{"Time":"2019-04-01T23:20:34","Situation":"flat","Type":"ask","Price":0.31500000,"Amount":370648.50000000,"Done":false},{"Time":"2019-04-01T23:25:38","Situation":"flat","Type":"ask","Price":0.31500000,"Amount":370648.50000000,"Done":false},{"Time":"2019-04-01T23:30:40","Situation":"flat","Type":"ask","Price":0.31500000,"Amount":370648.50000000,"Done":false},{"Time":"2019-04-01T23:35:40","Situation":"flat","Type":"ask","Price":0.31500000,"Amount":374485.90000000,"Done":false},{"Time":"2019-04-01T23:40:40","Situation":"flat","Type":"ask","Price":0.31500000,"Amount":370648.50000000,"Done":false},{"Time":"2019-04-01T23:45:44","Situation":"flat","Type":"ask","Price":0.31500000,"Amount":370648.50000000,"Done":false},{"Time":"2019-04-01T23:50:48","Situation":"flat","Type":"ask","Price":0.31500000,"Amount":371648.50000000,"Done":false},{"Time":"2019-04-01T23:55:51","Situation":"flat","Type":"ask","Price":0.31500000,"Amount":371648.50000000,"Done":false},{"Time":"2019-04-02T00:00:54","Situation":"flat","Type":"ask","Price":0.31500000,"Amount":371648.50000000,"Done":false},{"Time":"2019-04-02T00:41:05","Situation":"flat","Type":"ask","Price":0.31500000,"Amount":356169.60000000,"Done":false},{"Time":"2019-04-02T02:26:35","Situation":"flat","Type":"ask","Price":0.31500000,"Amount":759288.60000000,"Done":false},{"Time":"2019-04-02T02:31:36","Situation":"flat","Type":"ask","Price":0.31500000,"Amount":759288.60000000,"Done":false},{"Time":"2019-04-02T02:36:40","Situation":"flat","Type":"ask","Price":0.31500000,"Amount":759288.60000000,"Done":false},{"Time":"2019-04-02T02:41:40","Situation":"flat","Type":"ask","Price":0.31500000,"Amount":765162.20000000,"Done":false},{"Time":"2019-04-02T02:46:43","Situation":"flat","Type":"ask","Price":0.31500000,"Amount":769162.10000000,"Done":false},{"Time":"2019-04-02T02:51:44","Situation":"flat","Type":"ask","Price":0.31500000,"Amount":762698.20000000,"Done":false},{"Time":"2019-04-02T02:56:44","Situation":"flat","Type":"ask","Price":0.31500000,"Amount":766088.80000000,"Done":false},{"Time":"2019-04-02T03:01:44","Situation":"flat","Type":"ask","Price":0.31500000,"Amount":753066.30000000,"Done":false},{"Time":"2019-04-02T03:06:44","Situation":"flat","Type":"ask","Price":0.31500000,"Amount":755002.50000000,"Done":false},{"Time":"2019-04-02T03:11:45","Situation":"flat","Type":"ask","Price":0.31500000,"Amount":768040.10000000,"Done":false},{"Time":"2019-04-02T03:16:49","Situation":"flat","Type":"ask","Price":0.31500000,"Amount":539212.30000000,"Done":false},{"Time":"2019-04-02T03:31:54","Situation":"flat","Type":"ask","Price":0.31800000,"Amount":681886.00000000,"Done":false},{"Time":"2019-04-02T03:36:25","Situation":"trend","Type":"ask","Price":0.31800000,"Amount":839320.30000000,"Done":false},{"Time":"2019-04-02T03:39:35","Situation":"trend","Type":"ask","Price":0.32000000,"Amount":708418.80000000,"Done":false},{"Time":"2019-04-02T03:39:35","Situation":"trend","Type":"ask","Price":0.31800000,"Amount":681886.00000000,"Done":true},{"Time":"2019-04-02T03:43:44","Situation":"trend","Type":"ask","Price":0.31977000,"Amount":383663.10000000,"Done":false},{"Time":"2019-04-02T03:43:44","Situation":"trend","Type":"ask","Price":0.32000000,"Amount":699214.80000000,"Done":false},{"Time":"2019-04-02T03:48:10","Situation":"trend","Type":"ask","Price":0.32000000,"Amount":655832.90000000,"Done":false},{"Time":"2019-04-02T03:53:10","Situation":"flat","Type":"ask","Price":0.32000000,"Amount":655832.90000000,"Done":false},{"Time":"2019-04-02T03:53:15","Situation":"trend","Type":"ask","Price":0.32000000,"Amount":655832.90000000,"Done":false},{"Time":"2019-04-02T03:58:19","Situation":"flat","Type":"ask","Price":0.32000000,"Amount":654100.80000000,"Done":false},{"Time":"2019-04-02T03:59:34","Situation":"trend","Type":"ask","Price":0.32000000,"Amount":648749.10000000,"Done":false},{"Time":"2019-04-02T04:04:34","Situation":"flat","Type":"ask","Price":0.32000000,"Amount":628620.80000000,"Done":false},{"Time":"2019-04-02T04:07:34","Situation":"trend","Type":"ask","Price":0.32000000,"Amount":673723.40000000,"Done":false},{"Time":"2019-04-02T04:12:35","Situation":"flat","Type":"ask","Price":0.32000000,"Amount":671755.40000000,"Done":false},{"Time":"2019-04-02T04:17:35","Situation":"flat","Type":"ask","Price":0.32000000,"Amount":671852.80000000,"Done":false},{"Time":"2019-04-02T04:22:35","Situation":"flat","Type":"ask","Price":0.32000000,"Amount":678339.90000000,"Done":false},{"Time":"2019-04-02T04:27:35","Situation":"flat","Type":"ask","Price":0.32000000,"Amount":643546.60000000,"Done":false},{"Time":"2019-04-02T04:32:35","Situation":"flat","Type":"ask","Price":0.32000000,"Amount":741843.90000000,"Done":false},{"Time":"2019-04-02T04:32:50","Situation":"trend","Type":"ask","Price":0.32000000,"Amount":738059.00000000,"Done":false},{"Time":"2019-04-02T04:36:05","Situation":"trend","Type":"ask","Price":0.32000000,"Amount":741843.90000000,"Done":true},{"Time":"2019-04-02T04:38:59","Situation":"trend","Type":"ask","Price":0.32500000,"Amount":415649.80000000,"Done":false},{"Time":"2019-04-02T04:38:59","Situation":"trend","Type":"ask","Price":0.32000000,"Amount":741843.90000000,"Done":true},{"Time":"2019-04-02T04:41:39","Situation":"trend","Type":"ask","Price":0.32500000,"Amount":390321.70000000,"Done":false},{"Time":"2019-04-02T04:42:04","Situation":"trend","Type":"ask","Price":0.32500000,"Amount":390321.70000000,"Done":false},{"Time":"2019-04-02T04:43:19","Situation":"trend","Type":"ask","Price":0.32500000,"Amount":390321.70000000,"Done":false},{"Time":"2019-04-02T04:46:59","Situation":"trend","Type":"ask","Price":0.32500000,"Amount":386549.30000000,"Done":false},{"Time":"2019-04-02T04:49:24","Situation":"trend","Type":"ask","Price":0.32500000,"Amount":397263.30000000,"Done":false},{"Time":"2019-04-02T04:51:25","Situation":"trend","Type":"ask","Price":0.32500000,"Amount":397263.30000000,"Done":false},{"Time":"2019-04-02T04:56:29","Situation":"flat","Type":"ask","Price":0.32500000,"Amount":390660.80000000,"Done":false},{"Time":"2019-04-02T04:56:54","Situation":"trend","Type":"ask","Price":0.32500000,"Amount":390460.70000000,"Done":false},{"Time":"2019-04-02T04:57:44","Situation":"trend","Type":"ask","Price":0.32500000,"Amount":390460.70000000,"Done":false},{"Time":"2019-04-02T04:59:20","Situation":"trend","Type":"ask","Price":0.32500000,"Amount":392484.90000000,"Done":false},{"Time":"2019-04-02T05:04:20","Situation":"flat","Type":"ask","Price":0.32500000,"Amount":409523.90000000,"Done":false},{"Time":"2019-04-02T05:05:30","Situation":"trend","Type":"ask","Price":0.32500000,"Amount":409773.90000000,"Done":false},{"Time":"2019-04-02T05:09:50","Situation":"trend","Type":"ask","Price":0.32500000,"Amount":407850.60000000,"Done":false},{"Time":"2019-04-02T05:12:25","Situation":"trend","Type":"ask","Price":0.32500000,"Amount":411658.90000000,"Done":false},{"Time":"2019-04-02T05:15:25","Situation":"trend","Type":"ask","Price":0.32500000,"Amount":408130.40000000,"Done":false},{"Time":"2019-04-02T05:16:25","Situation":"trend","Type":"ask","Price":0.33000000,"Amount":1308687.10000000,"Done":false},{"Time":"2019-04-02T05:17:30","Situation":"trend","Type":"ask","Price":0.33000000,"Amount":1300447.10000000,"Done":false},{"Time":"2019-04-02T05:18:10","Situation":"trend","Type":"ask","Price":0.33000000,"Amount":1313576.30000000,"Done":false},{"Time":"2019-04-02T05:34:05","Situation":"trend","Type":"ask","Price":0.33000000,"Amount":515836.00000000,"Done":false},{"Time":"2019-04-02T05:44:19","Situation":"trend","Type":"ask","Price":0.33000000,"Amount":353430.30000000,"Done":false},{"Time":"2019-04-02T05:45:31","Situation":"trend","Type":"ask","Price":0.33000000,"Amount":461478.10000000,"Done":false},{"Time":"2019-04-02T05:45:46","Situation":"trend","Type":"ask","Price":0.33000000,"Amount":461478.10000000,"Done":false},{"Time":"2019-04-02T05:46:10","Situation":"trend","Type":"ask","Price":0.33000000,"Amount":442848.50000000,"Done":false},{"Time":"2019-04-02T05:48:05","Situation":"trend","Type":"ask","Price":0.33000000,"Amount":437859.50000000,"Done":false},{"Time":"2019-04-02T05:49:39","Situation":"trend","Type":"ask","Price":0.33000000,"Amount":519527.80000000,"Done":false},{"Time":"2019-04-02T05:50:15","Situation":"trend","Type":"ask","Price":0.33000000,"Amount":519796.00000000,"Done":false},{"Time":"2019-04-02T05:51:00","Situation":"trend","Type":"ask","Price":0.33000000,"Amount":499958.20000000,"Done":false},{"Time":"2019-04-02T05:51:20","Situation":"trend","Type":"ask","Price":0.33000000,"Amount":500875.10000000,"Done":false},{"Time":"2019-04-02T06:03:05","Situation":"trend","Type":"ask","Price":0.33000000,"Amount":452358.80000000,"Done":false},{"Time":"2019-04-02T06:29:44","Situation":"trend","Type":"ask","Price":0.33000000,"Amount":421298.60000000,"Done":false},{"Time":"2019-04-02T06:30:29","Situation":"trend","Type":"ask","Price":0.33000000,"Amount":421497.50000000,"Done":false},{"Time":"2019-04-02T06:35:29","Situation":"flat","Type":"ask","Price":0.33000000,"Amount":425430.50000000,"Done":false},{"Time":"2019-04-02T06:40:04","Situation":"trend","Type":"ask","Price":0.33000000,"Amount":453965.70000000,"Done":false},{"Time":"2019-04-02T06:41:29","Situation":"trend","Type":"ask","Price":0.33000000,"Amount":407906.70000000,"Done":false},{"Time":"2019-04-02T06:45:19","Situation":"trend","Type":"ask","Price":0.33000000,"Amount":406460.00000000,"Done":false},{"Time":"2019-04-02T06:49:45","Situation":"trend","Type":"ask","Price":0.33000000,"Amount":400043.80000000,"Done":false},{"Time":"2019-04-02T06:53:10","Situation":"trend","Type":"ask","Price":0.33000000,"Amount":366685.60000000,"Done":false},{"Time":"2019-04-02T07:02:29","Situation":"trend","Type":"ask","Price":0.33000000,"Amount":363416.50000000,"Done":false},{"Time":"2019-04-02T07:07:30","Situation":"flat","Type":"ask","Price":0.33000000,"Amount":386886.10000000,"Done":false},{"Time":"2019-04-02T07:12:30","Situation":"flat","Type":"ask","Price":0.33000000,"Amount":387515.50000000,"Done":false},{"Time":"2019-04-02T07:17:34","Situation":"flat","Type":"ask","Price":0.33000000,"Amount":391236.10000000,"Done":false},{"Time":"2019-04-02T07:22:35","Situation":"flat","Type":"ask","Price":0.33000000,"Amount":411147.80000000,"Done":false},{"Time":"2019-04-02T07:27:35","Situation":"flat","Type":"ask","Price":0.33000000,"Amount":400032.70000000,"Done":false},{"Time":"2019-04-02T07:31:04","Situation":"trend","Type":"ask","Price":0.33000000,"Amount":390192.30000000,"Done":false},{"Time":"2019-04-02T07:36:05","Situation":"flat","Type":"ask","Price":0.33000000,"Amount":393155.70000000,"Done":false},{"Time":"2019-04-02T07:41:08","Situation":"flat","Type":"ask","Price":0.33000000,"Amount":443155.70000000,"Done":false},{"Time":"2019-04-02T07:44:13","Situation":"trend","Type":"ask","Price":0.33000000,"Amount":443672.20000000,"Done":false},{"Time":"2019-04-02T11:22:58","Situation":"flat","Type":"ask","Price":0.33124000,"Amount":3748110.80000000,"Done":false},{"Time":"2019-04-02T11:27:59","Situation":"flat","Type":"ask","Price":0.33100000,"Amount":3760103.20000000,"Done":false},{"Time":"2019-04-02T11:33:03","Situation":"flat","Type":"ask","Price":0.33100000,"Amount":3746581.10000000,"Done":false},{"Time":"2019-04-02T11:38:05","Situation":"flat","Type":"ask","Price":0.33100000,"Amount":3746281.40000000,"Done":false},{"Time":"2019-04-02T11:43:05","Situation":"flat","Type":"ask","Price":0.33100000,"Amount":3746281.40000000,"Done":false},{"Time":"2019-04-02T11:48:05","Situation":"flat","Type":"ask","Price":0.33100000,"Amount":3746423.70000000,"Done":false},{"Time":"2019-04-02T11:53:09","Situation":"flat","Type":"ask","Price":0.33100000,"Amount":3746423.70000000,"Done":false},{"Time":"2019-04-02T11:58:10","Situation":"flat","Type":"ask","Price":0.33100000,"Amount":3748505.70000000,"Done":false},{"Time":"2019-04-02T12:03:14","Situation":"flat","Type":"ask","Price":0.33100000,"Amount":3749789.50000000,"Done":false},{"Time":"2019-04-02T12:08:14","Situation":"flat","Type":"ask","Price":0.33100000,"Amount":3757519.10000000,"Done":false},{"Time":"2019-04-02T12:13:15","Situation":"flat","Type":"ask","Price":0.33100000,"Amount":3757519.10000000,"Done":false},{"Time":"2019-04-02T12:18:15","Situation":"flat","Type":"ask","Price":0.33100000,"Amount":3757519.10000000,"Done":false},{"Time":"2019-04-02T12:23:18","Situation":"flat","Type":"ask","Price":0.33100000,"Amount":3770039.50000000,"Done":false},{"Time":"2019-04-02T12:28:20","Situation":"flat","Type":"ask","Price":0.33100000,"Amount":3774401.50000000,"Done":false},{"Time":"2019-04-02T12:33:23","Situation":"flat","Type":"ask","Price":0.33100000,"Amount":3772368.70000000,"Done":false},{"Time":"2019-04-02T12:38:25","Situation":"flat","Type":"ask","Price":0.33100000,"Amount":2427481.00000000,"Done":false},{"Time":"2019-04-02T12:53:55","Situation":"trend","Type":"ask","Price":0.34000000,"Amount":896836.40000000,"Done":false},{"Time":"2019-04-02T12:54:40","Situation":"trend","Type":"ask","Price":0.34000000,"Amount":913878.60000000,"Done":false},{"Time":"2019-04-02T12:55:50","Situation":"trend","Type":"ask","Price":0.33735000,"Amount":337119.70000000,"Done":false},{"Time":"2019-04-02T12:55:50","Situation":"trend","Type":"ask","Price":0.34000000,"Amount":408162.80000000,"Done":false},{"Time":"2019-04-02T12:56:00","Situation":"trend","Type":"ask","Price":0.33735000,"Amount":337119.70000000,"Done":false},{"Time":"2019-04-02T12:56:00","Situation":"trend","Type":"ask","Price":0.34000000,"Amount":409162.80000000,"Done":false},{"Time":"2019-04-02T12:56:26","Situation":"trend","Type":"ask","Price":0.34000000,"Amount":424311.20000000,"Done":false},{"Time":"2019-04-02T12:56:41","Situation":"trend","Type":"ask","Price":0.34000000,"Amount":425348.30000000,"Done":false},{"Time":"2019-04-02T12:56:56","Situation":"trend","Type":"ask","Price":0.34000000,"Amount":408068.10000000,"Done":false},{"Time":"2019-04-02T13:00:23","Situation":"trend","Type":"ask","Price":0.34000000,"Amount":365598.20000000,"Done":false},{"Time":"2019-04-02T13:02:48","Situation":"trend","Type":"ask","Price":0.34000000,"Amount":360423.00000000,"Done":false},{"Time":"2019-04-02T13:07:44","Situation":"trend","Type":"ask","Price":0.34000000,"Amount":353793.50000000,"Done":false},{"Time":"2019-04-02T13:12:46","Situation":"flat","Type":"ask","Price":0.34000000,"Amount":351928.20000000,"Done":false},{"Time":"2019-04-02T13:17:50","Situation":"flat","Type":"ask","Price":0.34000000,"Amount":363240.00000000,"Done":false},{"Time":"2019-04-02T13:22:50","Situation":"flat","Type":"ask","Price":0.34000000,"Amount":356137.30000000,"Done":false},{"Time":"2019-04-02T13:27:15","Situation":"trend","Type":"ask","Price":0.34000000,"Amount":411969.00000000,"Done":false},{"Time":"2019-04-02T13:28:56","Situation":"trend","Type":"ask","Price":0.34000000,"Amount":422953.90000000,"Done":false},{"Time":"2019-04-02T13:34:00","Situation":"flat","Type":"ask","Price":0.33970000,"Amount":869278.90000000,"Done":false},{"Time":"2019-04-02T13:34:00","Situation":"flat","Type":"ask","Price":0.34000000,"Amount":1245907.40000000,"Done":false},{"Time":"2019-04-02T13:39:00","Situation":"flat","Type":"ask","Price":0.33970000,"Amount":558342.10000000,"Done":false},{"Time":"2019-04-02T13:39:00","Situation":"flat","Type":"ask","Price":0.34000000,"Amount":1256919.80000000,"Done":false},{"Time":"2019-04-02T13:42:44","Situation":"trend","Type":"ask","Price":0.33970000,"Amount":451149.50000000,"Done":false},{"Time":"2019-04-02T13:42:44","Situation":"trend","Type":"ask","Price":0.34000000,"Amount":1221081.00000000,"Done":false},{"Time":"2019-04-02T13:47:45","Situation":"flat","Type":"ask","Price":0.33900000,"Amount":1831199.50000000,"Done":false},{"Time":"2019-04-02T13:47:45","Situation":"flat","Type":"ask","Price":0.33970000,"Amount":461149.50000000,"Done":false},{"Time":"2019-04-02T13:47:45","Situation":"flat","Type":"ask","Price":0.34000000,"Amount":1227721.00000000,"Done":false},{"Time":"2019-04-02T13:51:57","Situation":"trend","Type":"ask","Price":0.33920000,"Amount":632401.70000000,"Done":false},{"Time":"2019-04-02T13:51:57","Situation":"trend","Type":"ask","Price":0.33950000,"Amount":674708.70000000,"Done":false},{"Time":"2019-04-02T13:51:57","Situation":"trend","Type":"ask","Price":0.33970000,"Amount":451149.50000000,"Done":false},{"Time":"2019-04-02T13:51:57","Situation":"trend","Type":"ask","Price":0.34000000,"Amount":1229861.50000000,"Done":false},{"Time":"2019-04-02T13:54:15","Situation":"trend","Type":"ask","Price":0.33900000,"Amount":1831199.50000000,"Done":true},{"Time":"2019-04-02T13:54:15","Situation":"trend","Type":"ask","Price":0.33970000,"Amount":461149.50000000,"Done":true},{"Time":"2019-04-02T13:54:15","Situation":"trend","Type":"ask","Price":0.34000000,"Amount":1227721.00000000,"Done":true},{"Time":"2019-04-02T14:00:02","Situation":"trend","Type":"ask","Price":0.35000000,"Amount":352193.30000000,"Done":false},{"Time":"2019-04-02T16:04:05","Situation":"trend","Type":"ask","Price":0.33474000,"Amount":875018.70000000,"Done":false},{"Time":"2019-04-02T16:25:45","Situation":"flat","Type":"ask","Price":0.33734000,"Amount":768077.20000000,"Done":false},{"Time":"2019-04-02T17:27:09","Situation":"trend","Type":"ask","Price":0.33800000,"Amount":717889.70000000,"Done":false},{"Time":"2019-04-02T18:41:55","Situation":"trend","Type":"ask","Price":0.34600000,"Amount":381323.70000000,"Done":false},{"Time":"2019-04-02T18:46:56","Situation":"trend","Type":"ask","Price":0.34600000,"Amount":379871.80000000,"Done":false},{"Time":"2019-04-02T18:50:24","Situation":"trend","Type":"ask","Price":0.34600000,"Amount":374517.80000000,"Done":false},{"Time":"2019-04-02T19:10:30","Situation":"flat","Type":"ask","Price":0.34600000,"Amount":374777.60000000,"Done":false},{"Time":"2019-04-02T19:15:34","Situation":"flat","Type":"ask","Price":0.34600000,"Amount":375777.60000000,"Done":false},{"Time":"2019-04-02T19:17:44","Situation":"trend","Type":"ask","Price":0.34600000,"Amount":375777.60000000,"Done":false},{"Time":"2019-04-02T19:22:46","Situation":"flat","Type":"ask","Price":0.34600000,"Amount":375667.80000000,"Done":false},{"Time":"2019-04-02T19:27:50","Situation":"flat","Type":"ask","Price":0.34600000,"Amount":378113.60000000,"Done":false},{"Time":"2019-04-02T19:32:54","Situation":"flat","Type":"ask","Price":0.34600000,"Amount":381394.30000000,"Done":false},{"Time":"2019-04-02T19:37:56","Situation":"flat","Type":"ask","Price":0.34600000,"Amount":416906.30000000,"Done":false},{"Time":"2019-04-02T19:42:59","Situation":"flat","Type":"ask","Price":0.34600000,"Amount":380477.60000000,"Done":false},{"Time":"2019-04-02T19:53:48","Situation":"trend","Type":"ask","Price":0.35000000,"Amount":421478.70000000,"Done":false},{"Time":"2019-04-02T19:54:34","Situation":"trend","Type":"ask","Price":0.35000000,"Amount":418854.70000000,"Done":false},{"Time":"2019-04-02T19:55:21","Situation":"trend","Type":"ask","Price":0.35000000,"Amount":418422.60000000,"Done":false},{"Time":"2019-04-02T19:55:41","Situation":"trend","Type":"ask","Price":0.35000000,"Amount":415227.00000000,"Done":false},{"Time":"2019-04-02T19:57:09","Situation":"trend","Type":"ask","Price":0.35000000,"Amount":418943.10000000,"Done":false},{"Time":"2019-04-02T20:00:10","Situation":"trend","Type":"ask","Price":0.35000000,"Amount":419370.70000000,"Done":false},{"Time":"2019-04-02T20:01:30","Situation":"trend","Type":"ask","Price":0.35000000,"Amount":418370.70000000,"Done":false},{"Time":"2019-04-02T22:25:19","Situation":"trend","Type":"ask","Price":0.35000000,"Amount":332169.80000000,"Done":false},{"Time":"2019-04-02T22:30:19","Situation":"flat","Type":"ask","Price":0.35000000,"Amount":330408.90000000,"Done":false},{"Time":"2019-04-02T22:35:19","Situation":"flat","Type":"ask","Price":0.35000000,"Amount":330408.90000000,"Done":false},{"Time":"2019-04-02T22:40:20","Situation":"flat","Type":"ask","Price":0.35000000,"Amount":331254.80000000,"Done":false},{"Time":"2019-04-02T22:50:24","Situation":"flat","Type":"ask","Price":0.35000000,"Amount":331736.80000000,"Done":false},{"Time":"2019-04-02T22:59:54","Situation":"trend","Type":"ask","Price":0.35000000,"Amount":332651.70000000,"Done":false},{"Time":"2019-04-02T23:04:54","Situation":"flat","Type":"ask","Price":0.35000000,"Amount":340187.20000000,"Done":false},{"Time":"2019-04-02T23:09:55","Situation":"flat","Type":"ask","Price":0.35000000,"Amount":337545.90000000,"Done":false},{"Time":"2019-04-02T23:13:35","Situation":"trend","Type":"ask","Price":0.35000000,"Amount":337545.90000000,"Done":false},{"Time":"2019-04-02T23:16:25","Situation":"trend","Type":"ask","Price":0.35000000,"Amount":337545.90000000,"Done":true},{"Time":"2019-04-02T23:37:20","Situation":"trend","Type":"ask","Price":0.35500000,"Amount":324189.20000000,"Done":false},{"Time":"2019-04-03T05:05:36","Situation":"trend","Type":"ask","Price":0.35000000,"Amount":322213.70000000,"Done":false},{"Time":"2019-04-03T05:10:39","Situation":"flat","Type":"ask","Price":0.35000000,"Amount":323213.70000000,"Done":false},{"Time":"2019-04-03T05:12:39","Situation":"trend","Type":"ask","Price":0.35000000,"Amount":324984.30000000,"Done":false},{"Time":"2019-04-03T05:17:35","Situation":"trend","Type":"ask","Price":0.35000000,"Amount":334576.60000000,"Done":false},{"Time":"2019-04-03T05:19:55","Situation":"trend","Type":"ask","Price":0.35000000,"Amount":331361.90000000,"Done":false},{"Time":"2019-04-03T12:24:33","Situation":"trend","Type":"ask","Price":0.36200000,"Amount":468445.00000000,"Done":false},{"Time":"2019-04-03T12:26:34","Situation":"trend","Type":"ask","Price":0.36200000,"Amount":468545.00000000,"Done":false},{"Time":"2019-04-03T12:28:06","Situation":"trend","Type":"ask","Price":0.36200000,"Amount":469107.10000000,"Done":false},{"Time":"2019-04-03T16:22:55","Situation":"trend","Type":"ask","Price":0.36100000,"Amount":337250.20000000,"Done":false},{"Time":"2019-04-03T16:45:45","Situation":"trend","Type":"ask","Price":0.37000000,"Amount":480409.20000000,"Done":false},{"Time":"2019-04-03T16:49:06","Situation":"trend","Type":"ask","Price":0.37000000,"Amount":425637.10000000,"Done":false},{"Time":"2019-04-03T16:50:40","Situation":"trend","Type":"ask","Price":0.37000000,"Amount":418425.20000000,"Done":false},{"Time":"2019-04-03T17:00:42","Situation":"trend","Type":"ask","Price":0.37000000,"Amount":463399.20000000,"Done":false},{"Time":"2019-04-03T17:02:51","Situation":"trend","Type":"ask","Price":0.37000000,"Amount":450495.40000000,"Done":false},{"Time":"2019-04-03T17:07:53","Situation":"flat","Type":"ask","Price":0.37000000,"Amount":1573328.60000000,"Done":false},{"Time":"2019-04-03T17:09:33","Situation":"trend","Type":"ask","Price":0.37000000,"Amount":1574349.90000000,"Done":false},{"Time":"2019-04-03T17:10:56","Situation":"trend","Type":"ask","Price":0.36405000,"Amount":443748.10000000,"Done":false},{"Time":"2019-04-03T17:10:56","Situation":"trend","Type":"ask","Price":0.37000000,"Amount":1561076.20000000,"Done":false},{"Time":"2019-04-03T17:15:31","Situation":"trend","Type":"ask","Price":0.36800000,"Amount":1251716.30000000,"Done":false},{"Time":"2019-04-03T17:15:31","Situation":"trend","Type":"ask","Price":0.37000000,"Amount":1573328.60000000,"Done":true},{"Time":"2019-04-03T17:16:33","Situation":"trend","Type":"ask","Price":0.36800000,"Amount":1251716.30000000,"Done":false},{"Time":"2019-04-03T17:17:20","Situation":"trend","Type":"ask","Price":0.36800000,"Amount":1150716.30000000,"Done":false},{"Time":"2019-04-03T18:35:23","Situation":"trend","Type":"ask","Price":0.36800000,"Amount":1168413.20000000,"Done":false},{"Time":"2019-04-03T18:40:26","Situation":"flat","Type":"ask","Price":0.36800000,"Amount":1168413.20000000,"Done":false},{"Time":"2019-04-03T18:42:41","Situation":"trend","Type":"ask","Price":0.36800000,"Amount":1172723.60000000,"Done":false},{"Time":"2019-04-03T18:46:07","Situation":"trend","Type":"ask","Price":0.36465000,"Amount":566350.20000000,"Done":false},{"Time":"2019-04-03T18:46:07","Situation":"trend","Type":"ask","Price":0.36800000,"Amount":1172723.60000000,"Done":false},{"Time":"2019-04-03T18:51:10","Situation":"flat","Type":"ask","Price":0.36800000,"Amount":1167413.20000000,"Done":false},{"Time":"2019-04-03T18:56:13","Situation":"flat","Type":"ask","Price":0.36800000,"Amount":1168413.20000000,"Done":false},{"Time":"2019-04-03T18:58:42","Situation":"trend","Type":"ask","Price":0.36800000,"Amount":1167413.20000000,"Done":false},{"Time":"2019-04-03T18:59:22","Situation":"trend","Type":"ask","Price":0.36800000,"Amount":1167413.20000000,"Done":false},{"Time":"2019-04-03T18:59:32","Situation":"trend","Type":"ask","Price":0.36800000,"Amount":1167413.20000000,"Done":false},{"Time":"2019-04-03T19:01:08","Situation":"trend","Type":"ask","Price":0.36800000,"Amount":1167795.70000000,"Done":false},{"Time":"2019-04-03T19:04:50","Situation":"trend","Type":"ask","Price":0.36800000,"Amount":1167795.70000000,"Done":false},{"Time":"2019-04-03T19:09:52","Situation":"flat","Type":"ask","Price":0.36800000,"Amount":1139646.60000000,"Done":false},{"Time":"2019-04-03T19:14:56","Situation":"flat","Type":"ask","Price":0.36800000,"Amount":1139159.90000000,"Done":false},{"Time":"2019-04-03T19:15:20","Situation":"trend","Type":"ask","Price":0.36800000,"Amount":1139159.90000000,"Done":false},{"Time":"2019-04-03T19:20:22","Situation":"flat","Type":"ask","Price":0.36800000,"Amount":1140462.40000000,"Done":false},{"Time":"2019-04-03T19:25:25","Situation":"flat","Type":"ask","Price":0.36800000,"Amount":1130955.80000000,"Done":false},{"Time":"2019-04-03T19:30:26","Situation":"flat","Type":"ask","Price":0.36800000,"Amount":1132876.80000000,"Done":false},{"Time":"2019-04-03T19:35:28","Situation":"flat","Type":"ask","Price":0.36800000,"Amount":1147798.70000000,"Done":false},{"Time":"2019-04-03T19:38:07","Situation":"trend","Type":"ask","Price":0.36800000,"Amount":1136242.10000000,"Done":false},{"Time":"2019-04-03T19:38:07","Situation":"trend","Type":"ask","Price":0.37000000,"Amount":394399.40000000,"Done":false},{"Time":"2019-04-03T19:42:00","Situation":"trend","Type":"ask","Price":0.36800000,"Amount":1133159.60000000,"Done":false},{"Time":"2019-04-03T19:42:00","Situation":"trend","Type":"ask","Price":0.37000000,"Amount":429173.50000000,"Done":false},{"Time":"2019-04-03T19:47:05","Situation":"flat","Type":"ask","Price":0.36800000,"Amount":1133159.60000000,"Done":false},{"Time":"2019-04-03T19:52:06","Situation":"flat","Type":"ask","Price":0.36800000,"Amount":1132909.60000000,"Done":false},{"Time":"2019-04-03T19:57:06","Situation":"flat","Type":"ask","Price":0.36800000,"Amount":1133937.00000000,"Done":false},{"Time":"2019-04-03T20:02:07","Situation":"flat","Type":"ask","Price":0.36800000,"Amount":1134553.80000000,"Done":false},{"Time":"2019-04-03T20:07:10","Situation":"flat","Type":"ask","Price":0.36800000,"Amount":1133553.80000000,"Done":false},{"Time":"2019-04-03T20:11:22","Situation":"trend","Type":"ask","Price":0.36800000,"Amount":1133553.80000000,"Done":false},{"Time":"2019-04-03T20:11:22","Situation":"trend","Type":"ask","Price":0.37000000,"Amount":394150.20000000,"Done":false},{"Time":"2019-04-03T20:14:55","Situation":"trend","Type":"ask","Price":0.37000000,"Amount":389787.00000000,"Done":false},{"Time":"2019-04-03T20:14:55","Situation":"trend","Type":"ask","Price":0.36800000,"Amount":1133553.80000000,"Done":true},{"Time":"2019-04-03T20:18:10","Situation":"trend","Type":"ask","Price":0.37000000,"Amount":353168.40000000,"Done":false},{"Time":"2019-04-03T20:19:46","Situation":"trend","Type":"ask","Price":0.37000000,"Amount":361320.90000000,"Done":false},{"Time":"2019-04-03T20:20:25","Situation":"trend","Type":"ask","Price":0.37000000,"Amount":361320.90000000,"Done":false},{"Time":"2019-04-03T20:21:37","Situation":"trend","Type":"ask","Price":0.37000000,"Amount":359568.30000000,"Done":false},{"Time":"2019-04-03T23:05:18","Situation":"trend","Type":"ask","Price":0.33300000,"Amount":497697.50000000,"Done":false},{"Time":"2019-04-03T23:05:38","Situation":"trend","Type":"ask","Price":0.33300000,"Amount":493231.00000000,"Done":false},{"Time":"2019-04-03T23:05:53","Situation":"trend","Type":"ask","Price":0.33000000,"Amount":512060.70000000,"Done":false},{"Time":"2019-04-04T06:25:15","Situation":"flat","Type":"ask","Price":0.34528000,"Amount":540298.00000000,"Done":false},{"Time":"2019-04-04T14:33:50","Situation":"flat","Type":"ask","Price":0.33980000,"Amount":356439.00000000,"Done":false},{"Time":"2019-04-04T14:38:53","Situation":"flat","Type":"ask","Price":0.33980000,"Amount":356439.00000000,"Done":false},{"Time":"2019-04-04T14:43:54","Situation":"flat","Type":"ask","Price":0.33980000,"Amount":356439.00000000,"Done":false},{"Time":"2019-04-04T14:48:55","Situation":"flat","Type":"ask","Price":0.33980000,"Amount":356439.00000000,"Done":false},{"Time":"2019-04-04T14:53:55","Situation":"flat","Type":"ask","Price":0.33980000,"Amount":356439.00000000,"Done":false},{"Time":"2019-04-04T14:58:55","Situation":"flat","Type":"ask","Price":0.33980000,"Amount":356439.00000000,"Done":false},{"Time":"2019-04-04T15:03:55","Situation":"flat","Type":"ask","Price":0.33980000,"Amount":356439.00000000,"Done":false},{"Time":"2019-04-04T15:08:55","Situation":"flat","Type":"ask","Price":0.33980000,"Amount":356439.00000000,"Done":false},{"Time":"2019-04-04T15:13:58","Situation":"flat","Type":"ask","Price":0.33980000,"Amount":356439.00000000,"Done":false},{"Time":"2019-04-04T15:18:59","Situation":"flat","Type":"ask","Price":0.33980000,"Amount":356439.00000000,"Done":false},{"Time":"2019-04-04T15:23:59","Situation":"flat","Type":"ask","Price":0.33980000,"Amount":356439.00000000,"Done":false},{"Time":"2019-04-04T15:29:00","Situation":"flat","Type":"ask","Price":0.33980000,"Amount":356439.00000000,"Done":false},{"Time":"2019-04-04T15:29:20","Situation":"trend","Type":"ask","Price":0.33980000,"Amount":356439.00000000,"Done":false},{"Time":"2019-04-04T15:30:05","Situation":"trend","Type":"ask","Price":0.33980000,"Amount":356439.00000000,"Done":false},{"Time":"2019-04-04T15:46:59","Situation":"trend","Type":"ask","Price":0.33980000,"Amount":356439.00000000,"Done":false},{"Time":"2019-04-04T15:52:00","Situation":"flat","Type":"ask","Price":0.33980000,"Amount":356439.00000000,"Done":false},{"Time":"2019-04-04T15:57:00","Situation":"flat","Type":"ask","Price":0.33980000,"Amount":356439.00000000,"Done":false},{"Time":"2019-04-04T16:02:04","Situation":"flat","Type":"ask","Price":0.33980000,"Amount":356439.00000000,"Done":false},{"Time":"2019-04-04T16:02:34","Situation":"trend","Type":"ask","Price":0.33980000,"Amount":356439.00000000,"Done":false},{"Time":"2019-04-04T16:07:35","Situation":"flat","Type":"ask","Price":0.33980000,"Amount":356439.00000000,"Done":false},{"Time":"2019-04-04T16:12:35","Situation":"flat","Type":"ask","Price":0.33980000,"Amount":356439.00000000,"Done":false},{"Time":"2019-04-04T16:17:03","Situation":"trend","Type":"ask","Price":0.33980000,"Amount":356831.00000000,"Done":false},{"Time":"2019-04-04T16:18:38","Situation":"trend","Type":"ask","Price":0.33980000,"Amount":356831.00000000,"Done":false},{"Time":"2019-04-04T16:21:53","Situation":"trend","Type":"ask","Price":0.33980000,"Amount":356831.00000000,"Done":false},{"Time":"2019-04-04T16:23:14","Situation":"trend","Type":"ask","Price":0.33980000,"Amount":356831.00000000,"Done":false},{"Time":"2019-04-05T03:54:49","Situation":"trend","Type":"ask","Price":0.33900000,"Amount":363157.30000000,"Done":false},{"Time":"2019-04-05T03:55:44","Situation":"trend","Type":"ask","Price":0.33900000,"Amount":362157.30000000,"Done":false},{"Time":"2019-04-05T04:02:20","Situation":"trend","Type":"ask","Price":0.35100000,"Amount":453708.60000000,"Done":false},{"Time":"2019-04-05T04:02:40","Situation":"trend","Type":"ask","Price":0.35100000,"Amount":453708.60000000,"Done":false},{"Time":"2019-04-05T04:13:50","Situation":"trend","Type":"ask","Price":0.36100000,"Amount":597817.00000000,"Done":false},{"Time":"2019-04-05T04:21:51","Situation":"trend","Type":"ask","Price":0.36500000,"Amount":767954.60000000,"Done":false},{"Time":"2019-04-05T04:40:39","Situation":"trend","Type":"ask","Price":0.36431000,"Amount":587768.00000000,"Done":false},{"Time":"2019-04-05T04:51:09","Situation":"trend","Type":"ask","Price":0.36600000,"Amount":623743.90000000,"Done":false},{"Time":"2019-04-05T04:54:26","Situation":"trend","Type":"ask","Price":0.36600000,"Amount":619119.50000000,"Done":false},{"Time":"2019-04-05T04:56:08","Situation":"trend","Type":"ask","Price":0.36600000,"Amount":628119.50000000,"Done":false},{"Time":"2019-04-05T05:04:06","Situation":"trend","Type":"ask","Price":0.37000000,"Amount":554772.90000000,"Done":false},{"Time":"2019-04-05T05:10:54","Situation":"trend","Type":"ask","Price":0.38000000,"Amount":411007.70000000,"Done":false},{"Time":"2019-04-05T05:11:48","Situation":"trend","Type":"ask","Price":0.38000000,"Amount":420007.80000000,"Done":false},{"Time":"2019-04-05T05:12:39","Situation":"trend","Type":"ask","Price":0.38000000,"Amount":411091.50000000,"Done":false},{"Time":"2019-04-05T05:14:54","Situation":"trend","Type":"ask","Price":0.38000000,"Amount":404939.40000000,"Done":false},{"Time":"2019-04-05T05:16:30","Situation":"trend","Type":"ask","Price":0.38000000,"Amount":405129.40000000,"Done":false},{"Time":"2019-04-05T05:18:39","Situation":"trend","Type":"ask","Price":0.38000000,"Amount":392308.90000000,"Done":false},{"Time":"2019-04-05T05:19:54","Situation":"trend","Type":"ask","Price":0.38000000,"Amount":404998.10000000,"Done":false},{"Time":"2019-04-05T05:20:34","Situation":"trend","Type":"ask","Price":0.38000000,"Amount":399010.90000000,"Done":false},{"Time":"2019-04-05T05:23:44","Situation":"trend","Type":"ask","Price":0.38000000,"Amount":420141.30000000,"Done":false},{"Time":"2019-04-05T05:24:39","Situation":"trend","Type":"ask","Price":0.38000000,"Amount":410488.30000000,"Done":false},{"Time":"2019-04-05T05:25:26","Situation":"trend","Type":"ask","Price":0.38000000,"Amount":367174.80000000,"Done":false},{"Time":"2019-04-05T05:26:17","Situation":"trend","Type":"ask","Price":0.38000000,"Amount":377551.50000000,"Done":false},{"Time":"2019-04-05T05:29:58","Situation":"trend","Type":"ask","Price":0.38000000,"Amount":371283.70000000,"Done":false},{"Time":"2019-04-05T05:31:08","Situation":"trend","Type":"ask","Price":0.38000000,"Amount":370783.70000000,"Done":false},{"Time":"2019-04-05T05:32:49","Situation":"trend","Type":"ask","Price":0.37035000,"Amount":615868.80000000,"Done":false},{"Time":"2019-04-05T05:50:50","Situation":"trend","Type":"ask","Price":0.37500000,"Amount":610385.20000000,"Done":false},{"Time":"2019-04-05T05:51:54","Situation":"trend","Type":"ask","Price":0.37500000,"Amount":607903.10000000,"Done":false},{"Time":"2019-04-05T05:56:39","Situation":"trend","Type":"ask","Price":0.37500000,"Amount":609937.80000000,"Done":false},{"Time":"2019-04-05T06:09:14","Situation":"trend","Type":"ask","Price":0.37888000,"Amount":473029.50000000,"Done":false},{"Time":"2019-04-05T06:09:49","Situation":"trend","Type":"ask","Price":0.37888000,"Amount":473029.50000000,"Done":false},{"Time":"2019-04-05T06:10:49","Situation":"trend","Type":"ask","Price":0.38000000,"Amount":840180.50000000,"Done":false},{"Time":"2019-04-05T06:48:10","Situation":"trend","Type":"ask","Price":0.37200000,"Amount":464475.60000000,"Done":false},{"Time":"2019-04-05T06:53:11","Situation":"trend","Type":"ask","Price":0.37200000,"Amount":464475.60000000,"Done":false},{"Time":"2019-04-05T06:58:14","Situation":"flat","Type":"ask","Price":0.37000000,"Amount":500562.80000000,"Done":false},{"Time":"2019-04-05T06:59:34","Situation":"trend","Type":"ask","Price":0.37000000,"Amount":505862.80000000,"Done":false},{"Time":"2019-04-05T07:02:40","Situation":"trend","Type":"ask","Price":0.37000000,"Amount":508929.10000000,"Done":false},{"Time":"2019-04-05T07:07:44","Situation":"flat","Type":"ask","Price":0.37200000,"Amount":464475.60000000,"Done":false},{"Time":"2019-04-05T07:11:34","Situation":"trend","Type":"ask","Price":0.37200000,"Amount":464475.60000000,"Done":false},{"Time":"2019-04-05T07:14:00","Situation":"trend","Type":"ask","Price":0.37200000,"Amount":464475.60000000,"Done":true},{"Time":"2019-04-05T07:17:45","Situation":"trend","Type":"ask","Price":0.36800000,"Amount":474011.50000000,"Done":false},{"Time":"2019-04-05T07:22:21","Situation":"trend","Type":"ask","Price":0.36500000,"Amount":410022.20000000,"Done":false},{"Time":"2019-04-05T07:27:24","Situation":"flat","Type":"ask","Price":0.36700000,"Amount":403040.30000000,"Done":false},{"Time":"2019-04-05T07:28:14","Situation":"trend","Type":"ask","Price":0.36700000,"Amount":403040.30000000,"Done":false},{"Time":"2019-04-05T07:32:49","Situation":"trend","Type":"ask","Price":0.36700000,"Amount":403040.30000000,"Done":false},{"Time":"2019-04-05T07:42:24","Situation":"flat","Type":"ask","Price":0.37000000,"Amount":365573.20000000,"Done":false},{"Time":"2019-04-05T07:47:25","Situation":"flat","Type":"ask","Price":0.37000000,"Amount":364204.00000000,"Done":false},{"Time":"2019-04-05T07:51:26","Situation":"trend","Type":"ask","Price":0.37000000,"Amount":364204.00000000,"Done":true},{"Time":"2019-04-05T07:52:47","Situation":"trend","Type":"ask","Price":0.37000000,"Amount":364204.00000000,"Done":true},{"Time":"2019-04-05T08:05:25","Situation":"trend","Type":"ask","Price":0.37000000,"Amount":362216.40000000,"Done":false},{"Time":"2019-04-05T08:06:15","Situation":"trend","Type":"ask","Price":0.37000000,"Amount":362216.40000000,"Done":false},{"Time":"2019-04-05T08:08:15","Situation":"trend","Type":"ask","Price":0.37000000,"Amount":362216.40000000,"Done":false},{"Time":"2019-04-05T08:12:40","Situation":"trend","Type":"ask","Price":0.37000000,"Amount":425987.70000000,"Done":false},{"Time":"2019-04-05T08:15:10","Situation":"trend","Type":"ask","Price":0.37000000,"Amount":428606.90000000,"Done":false},{"Time":"2019-04-05T08:17:27","Situation":"trend","Type":"ask","Price":0.37000000,"Amount":425987.70000000,"Done":false},{"Time":"2019-04-05T08:21:58","Situation":"trend","Type":"ask","Price":0.37400000,"Amount":365470.20000000,"Done":false},{"Time":"2019-04-05T08:23:34","Situation":"trend","Type":"ask","Price":0.37400000,"Amount":365470.20000000,"Done":false},{"Time":"2019-04-05T08:24:44","Situation":"trend","Type":"ask","Price":0.37400000,"Amount":365470.20000000,"Done":false},{"Time":"2019-04-05T08:26:24","Situation":"trend","Type":"ask","Price":0.37400000,"Amount":365470.20000000,"Done":false},{"Time":"2019-04-05T10:18:10","Situation":"trend","Type":"ask","Price":0.37200000,"Amount":320319.50000000,"Done":false},{"Time":"2019-04-05T10:55:31","Situation":"trend","Type":"ask","Price":0.37400000,"Amount":355260.00000000,"Done":false},{"Time":"2019-04-05T11:54:20","Situation":"flat","Type":"ask","Price":0.36500000,"Amount":1024609.80000000,"Done":false},{"Time":"2019-04-05T11:54:20","Situation":"flat","Type":"ask","Price":0.36700000,"Amount":1089361.90000000,"Done":false},{"Time":"2019-04-05T11:54:20","Situation":"flat","Type":"ask","Price":0.37000000,"Amount":327793.30000000,"Done":false},{"Time":"2019-04-05T11:54:20","Situation":"flat","Type":"ask","Price":0.37013000,"Amount":2500000.00000000,"Done":false},{"Time":"2019-04-05T11:59:23","Situation":"flat","Type":"ask","Price":0.36500000,"Amount":1033874.90000000,"Done":false},{"Time":"2019-04-05T11:59:23","Situation":"flat","Type":"ask","Price":0.36700000,"Amount":1088361.90000000,"Done":false},{"Time":"2019-04-05T12:04:24","Situation":"flat","Type":"ask","Price":0.36500000,"Amount":1024232.70000000,"Done":false},{"Time":"2019-04-05T12:04:24","Situation":"flat","Type":"ask","Price":0.36700000,"Amount":1089573.90000000,"Done":false},{"Time":"2019-04-05T12:09:25","Situation":"flat","Type":"ask","Price":0.36700000,"Amount":1091999.40000000,"Done":false},{"Time":"2019-04-05T12:10:20","Situation":"trend","Type":"ask","Price":0.36700000,"Amount":1090999.40000000,"Done":false},{"Time":"2019-04-05T12:15:20","Situation":"flat","Type":"ask","Price":0.36500000,"Amount":1009265.10000000,"Done":false},{"Time":"2019-04-05T12:15:20","Situation":"flat","Type":"ask","Price":0.36700000,"Amount":1092524.80000000,"Done":false},{"Time":"2019-04-05T12:20:23","Situation":"flat","Type":"ask","Price":0.36500000,"Amount":1016060.50000000,"Done":false},{"Time":"2019-04-05T12:20:23","Situation":"flat","Type":"ask","Price":0.36700000,"Amount":1092524.80000000,"Done":false},{"Time":"2019-04-05T12:20:28","Situation":"trend","Type":"ask","Price":0.36500000,"Amount":1016060.50000000,"Done":false},{"Time":"2019-04-05T12:20:28","Situation":"trend","Type":"ask","Price":0.36700000,"Amount":1092524.80000000,"Done":false},{"Time":"2019-04-05T12:25:19","Situation":"trend","Type":"ask","Price":0.36500000,"Amount":1015060.50000000,"Done":false},{"Time":"2019-04-05T12:25:19","Situation":"trend","Type":"ask","Price":0.36700000,"Amount":1092524.80000000,"Done":true},{"Time":"2019-04-05T12:28:18","Situation":"trend","Type":"ask","Price":0.36500000,"Amount":1015088.80000000,"Done":false},{"Time":"2019-04-05T12:28:18","Situation":"trend","Type":"ask","Price":0.36700000,"Amount":1092524.80000000,"Done":true},{"Time":"2019-04-05T12:30:52","Situation":"trend","Type":"ask","Price":0.36500000,"Amount":1015355.70000000,"Done":false},{"Time":"2019-04-05T12:30:52","Situation":"trend","Type":"ask","Price":0.36700000,"Amount":1096630.80000000,"Done":false},{"Time":"2019-04-05T12:35:55","Situation":"flat","Type":"ask","Price":0.36500000,"Amount":1203390.20000000,"Done":false},{"Time":"2019-04-05T12:36:14","Situation":"trend","Type":"ask","Price":0.36500000,"Amount":1203390.20000000,"Done":false},{"Time":"2019-04-05T12:37:14","Situation":"trend","Type":"ask","Price":0.36500000,"Amount":1202390.20000000,"Done":false},{"Time":"2019-04-05T12:40:34","Situation":"trend","Type":"ask","Price":0.36500000,"Amount":1203715.40000000,"Done":false},{"Time":"2019-04-05T12:45:34","Situation":"flat","Type":"ask","Price":0.36500000,"Amount":1203994.40000000,"Done":false},{"Time":"2019-04-05T12:50:34","Situation":"flat","Type":"ask","Price":0.36500000,"Amount":1202706.40000000,"Done":false},{"Time":"2019-04-05T12:59:26","Situation":"trend","Type":"ask","Price":0.36500000,"Amount":1220371.50000000,"Done":false},{"Time":"2019-04-05T13:04:29","Situation":"flat","Type":"ask","Price":0.36500000,"Amount":1222961.60000000,"Done":false},{"Time":"2019-04-05T13:09:30","Situation":"flat","Type":"ask","Price":0.36500000,"Amount":1224098.50000000,"Done":false},{"Time":"2019-04-05T13:14:33","Situation":"flat","Type":"ask","Price":0.36500000,"Amount":1222961.60000000,"Done":false},{"Time":"2019-04-05T13:15:09","Situation":"trend","Type":"ask","Price":0.36500000,"Amount":1035927.10000000,"Done":false},{"Time":"2019-04-05T13:15:09","Situation":"trend","Type":"ask","Price":0.36700000,"Amount":1099396.40000000,"Done":false},{"Time":"2019-04-05T13:20:10","Situation":"flat","Type":"ask","Price":0.36500000,"Amount":1035979.10000000,"Done":false},{"Time":"2019-04-05T13:20:10","Situation":"flat","Type":"ask","Price":0.36700000,"Amount":1100396.40000000,"Done":false},{"Time":"2019-04-05T13:22:20","Situation":"trend","Type":"ask","Price":0.36500000,"Amount":1036212.20000000,"Done":false},{"Time":"2019-04-05T13:22:20","Situation":"trend","Type":"ask","Price":0.36700000,"Amount":1100696.40000000,"Done":false},{"Time":"2019-04-05T13:27:23","Situation":"flat","Type":"ask","Price":0.36700000,"Amount":1095710.40000000,"Done":false},{"Time":"2019-04-05T13:31:24","Situation":"trend","Type":"ask","Price":0.36700000,"Amount":1096710.40000000,"Done":false},{"Time":"2019-04-05T13:35:29","Situation":"trend","Type":"ask","Price":0.36700000,"Amount":1091632.10000000,"Done":false},{"Time":"2019-04-05T16:17:48","Situation":"trend","Type":"ask","Price":0.36700000,"Amount":1091331.10000000,"Done":false},{"Time":"2019-04-05T16:18:17","Situation":"trend","Type":"ask","Price":0.36700000,"Amount":1091331.10000000,"Done":false},{"Time":"2019-04-05T16:18:17","Situation":"trend","Type":"ask","Price":0.37013000,"Amount":2500000.00000000,"Done":false},{"Time":"2019-04-05T16:19:25","Situation":"trend","Type":"ask","Price":0.36700000,"Amount":726724.30000000,"Done":false},{"Time":"2019-04-05T16:19:55","Situation":"trend","Type":"ask","Price":0.36700000,"Amount":726724.30000000,"Done":false},{"Time":"2019-04-05T16:19:55","Situation":"trend","Type":"ask","Price":0.37013000,"Amount":2500000.00000000,"Done":false},{"Time":"2019-04-05T16:21:04","Situation":"trend","Type":"ask","Price":0.36700000,"Amount":732732.00000000,"Done":false},{"Time":"2019-04-05T16:24:19","Situation":"trend","Type":"ask","Price":0.36700000,"Amount":707832.00000000,"Done":false},{"Time":"2019-04-05T16:24:19","Situation":"trend","Type":"ask","Price":0.37013000,"Amount":2500000.00000000,"Done":false},{"Time":"2019-04-05T16:25:53","Situation":"trend","Type":"ask","Price":0.36700000,"Amount":710105.50000000,"Done":false},{"Time":"2019-04-05T16:27:04","Situation":"trend","Type":"ask","Price":0.36700000,"Amount":710105.50000000,"Done":false},{"Time":"2019-04-05T16:27:39","Situation":"trend","Type":"ask","Price":0.36700000,"Amount":711105.50000000,"Done":false},{"Time":"2019-04-05T16:27:59","Situation":"trend","Type":"ask","Price":0.36700000,"Amount":710105.50000000,"Done":false},{"Time":"2019-04-05T16:31:49","Situation":"trend","Type":"ask","Price":0.36700000,"Amount":711077.60000000,"Done":false},{"Time":"2019-04-05T16:36:34","Situation":"trend","Type":"ask","Price":0.36700000,"Amount":711077.60000000,"Done":false},{"Time":"2019-04-05T16:39:24","Situation":"trend","Type":"ask","Price":0.36700000,"Amount":711077.60000000,"Done":false},{"Time":"2019-04-05T16:44:24","Situation":"flat","Type":"ask","Price":0.36700000,"Amount":711077.60000000,"Done":false},{"Time":"2019-04-05T16:46:19","Situation":"trend","Type":"ask","Price":0.36700000,"Amount":712077.60000000,"Done":false},{"Time":"2019-04-05T16:51:19","Situation":"flat","Type":"ask","Price":0.36700000,"Amount":711077.60000000,"Done":false},{"Time":"2019-04-05T16:56:20","Situation":"flat","Type":"ask","Price":0.36700000,"Amount":711077.60000000,"Done":false},{"Time":"2019-04-05T17:01:23","Situation":"flat","Type":"ask","Price":0.36700000,"Amount":713074.00000000,"Done":false},{"Time":"2019-04-05T17:06:24","Situation":"flat","Type":"ask","Price":0.36700000,"Amount":712563.60000000,"Done":false},{"Time":"2019-04-05T17:07:56","Situation":"trend","Type":"ask","Price":0.36700000,"Amount":712563.60000000,"Done":false},{"Time":"2019-04-05T17:11:43","Situation":"trend","Type":"ask","Price":0.36700000,"Amount":712563.60000000,"Done":true},{"Time":"2019-04-05T17:21:44","Situation":"flat","Type":"ask","Price":0.36700000,"Amount":712888.00000000,"Done":false},{"Time":"2019-04-05T17:26:44","Situation":"flat","Type":"ask","Price":0.36700000,"Amount":777195.90000000,"Done":false},{"Time":"2019-04-05T17:30:25","Situation":"trend","Type":"ask","Price":0.36700000,"Amount":774234.50000000,"Done":false},{"Time":"2019-04-05T17:48:50","Situation":"trend","Type":"ask","Price":0.36700000,"Amount":774239.60000000,"Done":false},{"Time":"2019-04-05T17:58:50","Situation":"flat","Type":"ask","Price":0.36700000,"Amount":776216.20000000,"Done":false},{"Time":"2019-04-05T18:01:20","Situation":"trend","Type":"ask","Price":0.36700000,"Amount":777216.20000000,"Done":false},{"Time":"2019-04-05T18:06:24","Situation":"flat","Type":"ask","Price":0.36700000,"Amount":776507.00000000,"Done":false},{"Time":"2019-04-05T18:06:49","Situation":"trend","Type":"ask","Price":0.36700000,"Amount":775507.00000000,"Done":false},{"Time":"2019-04-05T18:11:49","Situation":"flat","Type":"ask","Price":0.36700000,"Amount":775507.00000000,"Done":false},{"Time":"2019-04-05T18:16:50","Situation":"flat","Type":"ask","Price":0.36700000,"Amount":774530.40000000,"Done":false},{"Time":"2019-04-05T18:21:50","Situation":"flat","Type":"ask","Price":0.36700000,"Amount":773530.40000000,"Done":false},{"Time":"2019-04-05T18:26:50","Situation":"flat","Type":"ask","Price":0.36700000,"Amount":790050.70000000,"Done":false},{"Time":"2019-04-05T18:31:52","Situation":"flat","Type":"ask","Price":0.36700000,"Amount":790050.70000000,"Done":false},{"Time":"2019-04-05T22:59:35","Situation":"trend","Type":"ask","Price":0.36700000,"Amount":713101.00000000,"Done":false},{"Time":"2019-04-05T23:04:35","Situation":"flat","Type":"ask","Price":0.36700000,"Amount":713958.00000000,"Done":false},{"Time":"2019-04-05T23:09:39","Situation":"flat","Type":"ask","Price":0.36700000,"Amount":713958.00000000,"Done":false},{"Time":"2019-04-05T23:14:40","Situation":"flat","Type":"ask","Price":0.36700000,"Amount":712958.00000000,"Done":false},{"Time":"2019-04-06T17:25:52","Situation":"flat","Type":"ask","Price":0.35587000,"Amount":447079.40000000,"Done":false},{"Time":"2019-04-07T02:24:25","Situation":"trend","Type":"ask","Price":0.36500000,"Amount":372626.60000000,"Done":false},{"Time":"2019-04-07T15:48:32","Situation":"flat","Type":"ask","Price":0.35748000,"Amount":418581.40000000,"Done":false},{"Time":"2019-04-07T22:26:46","Situation":"trend","Type":"ask","Price":0.36500000,"Amount":321311.50000000,"Done":false},{"Time":"2019-04-07T22:36:51","Situation":"flat","Type":"ask","Price":0.36500000,"Amount":340286.30000000,"Done":false},{"Time":"2019-04-07T22:46:57","Situation":"flat","Type":"ask","Price":0.36500000,"Amount":326342.10000000,"Done":false},{"Time":"2019-04-07T22:51:45","Situation":"trend","Type":"ask","Price":0.36500000,"Amount":321812.60000000,"Done":false},{"Time":"2019-04-07T22:52:12","Situation":"trend","Type":"ask","Price":0.36500000,"Amount":321812.60000000,"Done":false},{"Time":"2019-04-07T22:52:26","Situation":"trend","Type":"ask","Price":0.36500000,"Amount":322812.60000000,"Done":false},{"Time":"2019-04-07T22:53:39","Situation":"trend","Type":"ask","Price":0.36500000,"Amount":323012.60000000,"Done":false},{"Time":"2019-04-07T22:53:49","Situation":"trend","Type":"ask","Price":0.36500000,"Amount":322012.60000000,"Done":false},{"Time":"2019-04-07T22:55:03","Situation":"trend","Type":"ask","Price":0.36500000,"Amount":323012.60000000,"Done":false},{"Time":"2019-04-07T22:56:26","Situation":"trend","Type":"ask","Price":0.36500000,"Amount":328077.70000000,"Done":false},{"Time":"2019-04-07T23:01:30","Situation":"flat","Type":"ask","Price":0.36500000,"Amount":328325.10000000,"Done":false},{"Time":"2019-04-07T23:01:35","Situation":"trend","Type":"ask","Price":0.36500000,"Amount":328325.10000000,"Done":false},{"Time":"2019-04-07T23:04:50","Situation":"trend","Type":"ask","Price":0.36500000,"Amount":328325.10000000,"Done":false},{"Time":"2019-04-07T23:09:52","Situation":"flat","Type":"ask","Price":0.36500000,"Amount":328647.30000000,"Done":false},{"Time":"2019-04-07T23:13:16","Situation":"trend","Type":"ask","Price":0.36500000,"Amount":328647.30000000,"Done":false},{"Time":"2019-04-07T23:17:00","Situation":"trend","Type":"ask","Price":0.36500000,"Amount":328647.30000000,"Done":false},{"Time":"2019-04-08T00:27:35","Situation":"flat","Type":"ask","Price":0.36500000,"Amount":358676.30000000,"Done":false},{"Time":"2019-04-08T00:28:22","Situation":"trend","Type":"ask","Price":0.36500000,"Amount":358676.30000000,"Done":false},{"Time":"2019-04-08T00:33:24","Situation":"flat","Type":"ask","Price":0.36500000,"Amount":358826.30000000,"Done":false},{"Time":"2019-04-08T00:38:26","Situation":"flat","Type":"ask","Price":0.36500000,"Amount":358826.30000000,"Done":false},{"Time":"2019-04-08T00:39:04","Situation":"trend","Type":"ask","Price":0.36500000,"Amount":358826.30000000,"Done":false},{"Time":"2019-04-08T00:44:05","Situation":"flat","Type":"ask","Price":0.36500000,"Amount":355050.10000000,"Done":false},{"Time":"2019-04-08T00:49:06","Situation":"flat","Type":"ask","Price":0.36500000,"Amount":374710.50000000,"Done":false},{"Time":"2019-04-08T00:56:24","Situation":"trend","Type":"ask","Price":0.37013000,"Amount":2500000.00000000,"Done":false},{"Time":"2019-04-08T00:56:24","Situation":"trend","Type":"ask","Price":0.36500000,"Amount":374710.50000000,"Done":true},{"Time":"2019-04-08T00:58:04","Situation":"trend","Type":"ask","Price":0.37013000,"Amount":2500000.00000000,"Done":false},{"Time":"2019-04-08T01:00:23","Situation":"trend","Type":"ask","Price":0.37013000,"Amount":2500000.00000000,"Done":false},{"Time":"2019-04-08T01:01:40","Situation":"trend","Type":"ask","Price":0.37013000,"Amount":2500000.00000000,"Done":false},{"Time":"2019-04-08T01:03:10","Situation":"trend","Type":"ask","Price":0.37013000,"Amount":2500000.00000000,"Done":false},{"Time":"2019-04-08T01:08:10","Situation":"trend","Type":"ask","Price":0.37013000,"Amount":2500000.00000000,"Done":false},{"Time":"2019-04-08T01:11:11","Situation":"trend","Type":"ask","Price":0.37013000,"Amount":2500000.00000000,"Done":false},{"Time":"2019-04-08T01:13:36","Situation":"trend","Type":"ask","Price":0.37013000,"Amount":2500000.00000000,"Done":false},{"Time":"2019-04-08T01:16:25","Situation":"trend","Type":"ask","Price":0.37013000,"Amount":2500000.00000000,"Done":false},{"Time":"2019-04-08T01:19:21","Situation":"trend","Type":"ask","Price":0.37013000,"Amount":2500028.00000000,"Done":false},{"Time":"2019-04-08T01:23:21","Situation":"trend","Type":"ask","Price":0.37013000,"Amount":2500028.00000000,"Done":false},{"Time":"2019-04-08T01:32:19","Situation":"trend","Type":"ask","Price":0.37013000,"Amount":2500028.00000000,"Done":false},{"Time":"2019-04-08T01:37:21","Situation":"flat","Type":"ask","Price":0.37013000,"Amount":2500028.00000000,"Done":false}],"OrderBookBids":[{"Time":"2019-04-01T00:24:56","Situation":"trend","Type":"bid","Price":0.30600000,"Amount":346701.40000000,"Done":false},{"Time":"2019-04-01T00:29:56","Situation":"flat","Type":"bid","Price":0.30600000,"Amount":365509.80000000,"Done":false},{"Time":"2019-04-01T00:32:32","Situation":"trend","Type":"bid","Price":0.30600000,"Amount":371976.30000000,"Done":false},{"Time":"2019-04-01T13:33:22","Situation":"flat","Type":"bid","Price":0.31181000,"Amount":449474.00000000,"Done":false},{"Time":"2019-04-01T13:38:23","Situation":"flat","Type":"bid","Price":0.31200000,"Amount":449051.60000000,"Done":false},{"Time":"2019-04-01T15:24:12","Situation":"flat","Type":"bid","Price":0.31179000,"Amount":613813.40000000,"Done":false},{"Time":"2019-04-01T15:29:12","Situation":"flat","Type":"bid","Price":0.31179000,"Amount":465786.80000000,"Done":false},{"Time":"2019-04-01T15:34:16","Situation":"flat","Type":"bid","Price":0.31179000,"Amount":465786.80000000,"Done":false},{"Time":"2019-04-02T05:36:14","Situation":"trend","Type":"bid","Price":0.32000000,"Amount":322014.40000000,"Done":false},{"Time":"2019-04-02T05:40:39","Situation":"trend","Type":"bid","Price":0.32111000,"Amount":359052.00000000,"Done":false},{"Time":"2019-04-02T05:44:19","Situation":"trend","Type":"bid","Price":0.32111000,"Amount":359052.00000000,"Done":false},{"Time":"2019-04-02T05:45:31","Situation":"trend","Type":"bid","Price":0.32111000,"Amount":359052.00000000,"Done":false},{"Time":"2019-04-02T08:29:39","Situation":"flat","Type":"bid","Price":0.33175000,"Amount":438976.40000000,"Done":false},{"Time":"2019-04-02T12:41:47","Situation":"trend","Type":"bid","Price":0.33200000,"Amount":2491559.00000000,"Done":false},{"Time":"2019-04-02T12:41:47","Situation":"trend","Type":"bid","Price":0.33076000,"Amount":717840.80000000,"Done":false},{"Time":"2019-04-02T12:46:49","Situation":"flat","Type":"bid","Price":0.33076000,"Amount":721340.80000000,"Done":false},{"Time":"2019-04-02T12:52:55","Situation":"trend","Type":"bid","Price":0.33076000,"Amount":721340.80000000,"Done":true},{"Time":"2019-04-02T13:58:10","Situation":"trend","Type":"bid","Price":0.34400000,"Amount":457806.20000000,"Done":false},{"Time":"2019-04-02T14:11:30","Situation":"trend","Type":"bid","Price":0.33400000,"Amount":801911.30000000,"Done":false},{"Time":"2019-04-02T14:12:00","Situation":"trend","Type":"bid","Price":0.33400000,"Amount":807750.10000000,"Done":false},{"Time":"2019-04-02T14:17:04","Situation":"flat","Type":"bid","Price":0.33650000,"Amount":520275.90000000,"Done":false},{"Time":"2019-04-02T14:20:59","Situation":"trend","Type":"bid","Price":0.33650000,"Amount":520275.90000000,"Done":true},{"Time":"2019-04-02T14:22:59","Situation":"trend","Type":"bid","Price":0.33650000,"Amount":520275.90000000,"Done":true},{"Time":"2019-04-02T17:24:48","Situation":"flat","Type":"bid","Price":0.33849000,"Amount":381167.20000000,"Done":false},{"Time":"2019-04-02T19:05:28","Situation":"flat","Type":"bid","Price":0.34120000,"Amount":446389.60000000,"Done":false},{"Time":"2019-04-02T19:10:30","Situation":"flat","Type":"bid","Price":0.34120000,"Amount":397182.20000000,"Done":false},{"Time":"2019-04-02T19:15:34","Situation":"flat","Type":"bid","Price":0.34156000,"Amount":391101.10000000,"Done":false},{"Time":"2019-04-02T19:17:44","Situation":"trend","Type":"bid","Price":0.34156000,"Amount":391101.10000000,"Done":false},{"Time":"2019-04-02T20:00:10","Situation":"trend","Type":"bid","Price":0.34500000,"Amount":473950.40000000,"Done":false},{"Time":"2019-04-03T03:15:30","Situation":"trend","Type":"bid","Price":0.35600000,"Amount":771463.10000000,"Done":false},{"Time":"2019-04-03T03:16:05","Situation":"trend","Type":"bid","Price":0.35600000,"Amount":771506.10000000,"Done":false},{"Time":"2019-04-03T03:17:19","Situation":"trend","Type":"bid","Price":0.35600000,"Amount":697106.60000000,"Done":false},{"Time":"2019-04-03T04:43:15","Situation":"trend","Type":"bid","Price":0.34130000,"Amount":357412.20000000,"Done":false},{"Time":"2019-04-03T13:33:27","Situation":"trend","Type":"bid","Price":0.36000000,"Amount":453005.30000000,"Done":false},{"Time":"2019-04-03T14:01:57","Situation":"trend","Type":"bid","Price":0.36400000,"Amount":1868012.00000000,"Done":false},{"Time":"2019-04-03T14:14:25","Situation":"trend","Type":"bid","Price":0.36000000,"Amount":565790.20000000,"Done":false},{"Time":"2019-04-03T15:01:46","Situation":"trend","Type":"bid","Price":0.35000000,"Amount":474741.70000000,"Done":false},{"Time":"2019-04-03T16:10:38","Situation":"trend","Type":"bid","Price":0.35780000,"Amount":354585.60000000,"Done":false},{"Time":"2019-04-03T16:11:08","Situation":"trend","Type":"bid","Price":0.35780000,"Amount":367704.60000000,"Done":false},{"Time":"2019-04-03T16:32:56","Situation":"flat","Type":"bid","Price":0.35800000,"Amount":362740.50000000,"Done":false},{"Time":"2019-04-03T16:33:04","Situation":"trend","Type":"bid","Price":0.35800000,"Amount":362740.50000000,"Done":false},{"Time":"2019-04-03T17:00:42","Situation":"trend","Type":"bid","Price":0.36600000,"Amount":329412.80000000,"Done":false},{"Time":"2019-04-03T17:57:20","Situation":"trend","Type":"bid","Price":0.35812000,"Amount":348091.30000000,"Done":false},{"Time":"2019-04-03T18:02:22","Situation":"flat","Type":"bid","Price":0.35900000,"Amount":351704.30000000,"Done":false},{"Time":"2019-04-03T18:22:26","Situation":"trend","Type":"bid","Price":0.36333000,"Amount":470091.10000000,"Done":false},{"Time":"2019-04-03T18:40:26","Situation":"flat","Type":"bid","Price":0.36100000,"Amount":353323.10000000,"Done":false},{"Time":"2019-04-03T18:42:41","Situation":"trend","Type":"bid","Price":0.36100000,"Amount":347823.10000000,"Done":false},{"Time":"2019-04-03T18:46:07","Situation":"trend","Type":"bid","Price":0.36100000,"Amount":353323.10000000,"Done":true},{"Time":"2019-04-03T22:36:09","Situation":"trend","Type":"bid","Price":0.35000000,"Amount":940804.00000000,"Done":false},{"Time":"2019-04-03T22:40:13","Situation":"trend","Type":"bid","Price":0.35000000,"Amount":938613.20000000,"Done":false},{"Time":"2019-04-03T22:42:00","Situation":"trend","Type":"bid","Price":0.35000000,"Amount":952973.20000000,"Done":false},{"Time":"2019-04-03T22:42:50","Situation":"trend","Type":"bid","Price":0.35000000,"Amount":453590.00000000,"Done":false},{"Time":"2019-04-03T22:43:49","Situation":"trend","Type":"bid","Price":0.34000000,"Amount":549524.30000000,"Done":false},{"Time":"2019-04-03T22:44:04","Situation":"trend","Type":"bid","Price":0.34000000,"Amount":342000.60000000,"Done":false},{"Time":"2019-04-03T22:44:14","Situation":"trend","Type":"bid","Price":0.34000000,"Amount":344047.10000000,"Done":false},{"Time":"2019-04-03T23:02:27","Situation":"trend","Type":"bid","Price":0.33500000,"Amount":401816.30000000,"Done":false},{"Time":"2019-04-03T23:02:51","Situation":"trend","Type":"bid","Price":0.33500000,"Amount":330765.00000000,"Done":false},{"Time":"2019-04-03T23:05:38","Situation":"trend","Type":"bid","Price":0.32500000,"Amount":571745.50000000,"Done":false},{"Time":"2019-04-03T23:05:53","Situation":"trend","Type":"bid","Price":0.32500000,"Amount":571745.50000000,"Done":false},{"Time":"2019-04-03T23:06:30","Situation":"trend","Type":"bid","Price":0.32000000,"Amount":379358.50000000,"Done":false},{"Time":"2019-04-03T23:07:40","Situation":"trend","Type":"bid","Price":0.32000000,"Amount":394134.10000000,"Done":false},{"Time":"2019-04-03T23:07:45","Situation":"trend","Type":"bid","Price":0.32000000,"Amount":394134.10000000,"Done":false},{"Time":"2019-04-03T23:07:50","Situation":"trend","Type":"bid","Price":0.32000000,"Amount":394134.10000000,"Done":false},{"Time":"2019-04-03T23:08:20","Situation":"trend","Type":"bid","Price":0.32000000,"Amount":394069.10000000,"Done":false},{"Time":"2019-04-03T23:08:59","Situation":"trend","Type":"bid","Price":0.32000000,"Amount":395381.80000000,"Done":false},{"Time":"2019-04-03T23:09:30","Situation":"trend","Type":"bid","Price":0.32000000,"Amount":393768.40000000,"Done":false},{"Time":"2019-04-03T23:10:15","Situation":"trend","Type":"bid","Price":0.32500000,"Amount":1724190.20000000,"Done":false},{"Time":"2019-04-03T23:10:40","Situation":"trend","Type":"bid","Price":0.32700000,"Amount":1529510.60000000,"Done":false},{"Time":"2019-04-03T23:10:40","Situation":"trend","Type":"bid","Price":0.32500000,"Amount":1599353.90000000,"Done":false},{"Time":"2019-04-03T23:11:04","Situation":"trend","Type":"bid","Price":0.32700000,"Amount":1529510.60000000,"Done":false},{"Time":"2019-04-03T23:11:04","Situation":"trend","Type":"bid","Price":0.32500000,"Amount":1551992.80000000,"Done":false},{"Time":"2019-04-03T23:11:34","Situation":"trend","Type":"bid","Price":0.32700000,"Amount":1529051.90000000,"Done":false},{"Time":"2019-04-03T23:11:34","Situation":"trend","Type":"bid","Price":0.32500000,"Amount":1551992.80000000,"Done":false},{"Time":"2019-04-03T23:12:34","Situation":"trend","Type":"bid","Price":0.32700000,"Amount":1529051.90000000,"Done":false},{"Time":"2019-04-03T23:12:34","Situation":"trend","Type":"bid","Price":0.32500000,"Amount":1564737.20000000,"Done":false},{"Time":"2019-04-03T23:12:44","Situation":"trend","Type":"bid","Price":0.32900000,"Amount":500000.00000000,"Done":false},{"Time":"2019-04-03T23:12:44","Situation":"trend","Type":"bid","Price":0.32700000,"Amount":1529051.90000000,"Done":false},{"Time":"2019-04-03T23:12:44","Situation":"trend","Type":"bid","Price":0.32500000,"Amount":1564737.20000000,"Done":false},{"Time":"2019-04-03T23:13:14","Situation":"trend","Type":"bid","Price":0.32900000,"Amount":500000.00000000,"Done":false},{"Time":"2019-04-03T23:13:14","Situation":"trend","Type":"bid","Price":0.32700000,"Amount":1529051.90000000,"Done":false},{"Time":"2019-04-03T23:13:14","Situation":"trend","Type":"bid","Price":0.32500000,"Amount":1553783.90000000,"Done":false},{"Time":"2019-04-03T23:13:54","Situation":"trend","Type":"bid","Price":0.32900000,"Amount":500000.00000000,"Done":false},{"Time":"2019-04-03T23:13:54","Situation":"trend","Type":"bid","Price":0.32700000,"Amount":1529051.90000000,"Done":false},{"Time":"2019-04-03T23:13:54","Situation":"trend","Type":"bid","Price":0.32500000,"Amount":1553783.90000000,"Done":false},{"Time":"2019-04-03T23:14:20","Situation":"trend","Type":"bid","Price":0.32900000,"Amount":1519756.80000000,"Done":false},{"Time":"2019-04-03T23:14:20","Situation":"trend","Type":"bid","Price":0.32700000,"Amount":1529051.90000000,"Done":false},{"Time":"2019-04-03T23:14:20","Situation":"trend","Type":"bid","Price":0.32500000,"Amount":1553783.90000000,"Done":false},{"Time":"2019-04-03T23:14:55","Situation":"trend","Type":"bid","Price":0.32900000,"Amount":1519756.80000000,"Done":false},{"Time":"2019-04-03T23:14:55","Situation":"trend","Type":"bid","Price":0.32700000,"Amount":1529171.40000000,"Done":false},{"Time":"2019-04-03T23:14:55","Situation":"trend","Type":"bid","Price":0.32500000,"Amount":1556783.90000000,"Done":false},{"Time":"2019-04-03T23:15:25","Situation":"trend","Type":"bid","Price":0.32900000,"Amount":1519756.80000000,"Done":false},{"Time":"2019-04-03T23:15:25","Situation":"trend","Type":"bid","Price":0.32700000,"Amount":1529171.40000000,"Done":false},{"Time":"2019-04-03T23:15:25","Situation":"trend","Type":"bid","Price":0.32500000,"Amount":1556783.90000000,"Done":false},{"Time":"2019-04-03T23:15:50","Situation":"trend","Type":"bid","Price":0.32900000,"Amount":1519756.80000000,"Done":false},{"Time":"2019-04-03T23:15:50","Situation":"trend","Type":"bid","Price":0.32700000,"Amount":1529171.40000000,"Done":false},{"Time":"2019-04-03T23:15:50","Situation":"trend","Type":"bid","Price":0.32500000,"Amount":1556783.90000000,"Done":false},{"Time":"2019-04-03T23:16:40","Situation":"trend","Type":"bid","Price":0.32900000,"Amount":1519756.80000000,"Done":false},{"Time":"2019-04-03T23:16:40","Situation":"trend","Type":"bid","Price":0.32700000,"Amount":1529171.40000000,"Done":false},{"Time":"2019-04-03T23:16:40","Situation":"trend","Type":"bid","Price":0.32500000,"Amount":1559199.00000000,"Done":false},{"Time":"2019-04-03T23:17:10","Situation":"trend","Type":"bid","Price":0.32900000,"Amount":1519756.80000000,"Done":false},{"Time":"2019-04-03T23:17:10","Situation":"trend","Type":"bid","Price":0.32700000,"Amount":1529171.40000000,"Done":false},{"Time":"2019-04-03T23:17:10","Situation":"trend","Type":"bid","Price":0.32500000,"Amount":1559199.00000000,"Done":false},{"Time":"2019-04-03T23:17:35","Situation":"trend","Type":"bid","Price":0.32900000,"Amount":1442001.60000000,"Done":false},{"Time":"2019-04-03T23:17:35","Situation":"trend","Type":"bid","Price":0.32700000,"Amount":1529171.40000000,"Done":false},{"Time":"2019-04-03T23:17:35","Situation":"trend","Type":"bid","Price":0.32500000,"Amount":1559199.00000000,"Done":false},{"Time":"2019-04-03T23:18:05","Situation":"trend","Type":"bid","Price":0.32900000,"Amount":1442473.20000000,"Done":false},{"Time":"2019-04-03T23:18:05","Situation":"trend","Type":"bid","Price":0.32700000,"Amount":1529171.40000000,"Done":false},{"Time":"2019-04-03T23:18:05","Situation":"trend","Type":"bid","Price":0.32500000,"Amount":1550162.60000000,"Done":false},{"Time":"2019-04-03T23:19:10","Situation":"trend","Type":"bid","Price":0.32900000,"Amount":1444399.10000000,"Done":false},{"Time":"2019-04-03T23:19:10","Situation":"trend","Type":"bid","Price":0.32700000,"Amount":1529171.40000000,"Done":false},{"Time":"2019-04-03T23:19:10","Situation":"trend","Type":"bid","Price":0.32500000,"Amount":1583854.40000000,"Done":false},{"Time":"2019-04-03T23:20:20","Situation":"trend","Type":"bid","Price":0.32900000,"Amount":1444399.10000000,"Done":false},{"Time":"2019-04-03T23:20:20","Situation":"trend","Type":"bid","Price":0.32700000,"Amount":1529171.40000000,"Done":false},{"Time":"2019-04-03T23:20:20","Situation":"trend","Type":"bid","Price":0.32500000,"Amount":1583954.40000000,"Done":false},{"Time":"2019-04-03T23:21:40","Situation":"trend","Type":"bid","Price":0.32900000,"Amount":1437437.50000000,"Done":false},{"Time":"2019-04-03T23:21:40","Situation":"trend","Type":"bid","Price":0.32700000,"Amount":1550031.80000000,"Done":false},{"Time":"2019-04-03T23:21:40","Situation":"trend","Type":"bid","Price":0.32500000,"Amount":1583954.40000000,"Done":false},{"Time":"2019-04-03T23:21:50","Situation":"trend","Type":"bid","Price":0.32900000,"Amount":1437437.50000000,"Done":false},{"Time":"2019-04-03T23:21:50","Situation":"trend","Type":"bid","Price":0.32700000,"Amount":1550031.80000000,"Done":false},{"Time":"2019-04-03T23:21:50","Situation":"trend","Type":"bid","Price":0.32500000,"Amount":1583954.40000000,"Done":false},{"Time":"2019-04-03T23:22:33","Situation":"trend","Type":"bid","Price":0.32900000,"Amount":1437437.50000000,"Done":false},{"Time":"2019-04-03T23:22:33","Situation":"trend","Type":"bid","Price":0.32700000,"Amount":1550031.80000000,"Done":false},{"Time":"2019-04-03T23:22:33","Situation":"trend","Type":"bid","Price":0.32500000,"Amount":1583954.40000000,"Done":false},{"Time":"2019-04-03T23:24:04","Situation":"trend","Type":"bid","Price":0.32900000,"Amount":1437437.50000000,"Done":false},{"Time":"2019-04-03T23:24:04","Situation":"trend","Type":"bid","Price":0.32700000,"Amount":1551730.90000000,"Done":false},{"Time":"2019-04-03T23:24:04","Situation":"trend","Type":"bid","Price":0.32500000,"Amount":1583954.40000000,"Done":false},{"Time":"2019-04-03T23:24:39","Situation":"trend","Type":"bid","Price":0.32900000,"Amount":1437437.50000000,"Done":false},{"Time":"2019-04-03T23:24:39","Situation":"trend","Type":"bid","Price":0.32700000,"Amount":1530870.50000000,"Done":false},{"Time":"2019-04-03T23:24:39","Situation":"trend","Type":"bid","Price":0.32500000,"Amount":1583954.40000000,"Done":false},{"Time":"2019-04-03T23:25:50","Situation":"trend","Type":"bid","Price":0.32900000,"Amount":1437437.50000000,"Done":false},{"Time":"2019-04-03T23:25:50","Situation":"trend","Type":"bid","Price":0.32700000,"Amount":1530870.50000000,"Done":false},{"Time":"2019-04-03T23:25:50","Situation":"trend","Type":"bid","Price":0.32500000,"Amount":1590332.80000000,"Done":false},{"Time":"2019-04-03T23:26:45","Situation":"trend","Type":"bid","Price":0.32900000,"Amount":1437437.50000000,"Done":false},{"Time":"2019-04-03T23:27:40","Situation":"trend","Type":"bid","Price":0.32900000,"Amount":1437437.50000000,"Done":false},{"Time":"2019-04-03T23:28:45","Situation":"trend","Type":"bid","Price":0.32900000,"Amount":1437437.50000000,"Done":false},{"Time":"2019-04-03T23:29:05","Situation":"trend","Type":"bid","Price":0.32900000,"Amount":1437437.50000000,"Done":false},{"Time":"2019-04-03T23:29:05","Situation":"trend","Type":"bid","Price":0.32700000,"Amount":1530870.50000000,"Done":false},{"Time":"2019-04-03T23:29:25","Situation":"trend","Type":"bid","Price":0.32900000,"Amount":1437437.50000000,"Done":false},{"Time":"2019-04-03T23:29:25","Situation":"trend","Type":"bid","Price":0.32700000,"Amount":1530870.50000000,"Done":false},{"Time":"2019-04-03T23:33:53","Situation":"trend","Type":"bid","Price":0.32900000,"Amount":1437437.50000000,"Done":false},{"Time":"2019-04-03T23:34:33","Situation":"trend","Type":"bid","Price":0.32900000,"Amount":1437405.00000000,"Done":false},{"Time":"2019-04-03T23:36:20","Situation":"trend","Type":"bid","Price":0.32900000,"Amount":1437405.00000000,"Done":false},{"Time":"2019-04-03T23:36:35","Situation":"trend","Type":"bid","Price":0.32900000,"Amount":1437405.00000000,"Done":false},{"Time":"2019-04-03T23:38:45","Situation":"trend","Type":"bid","Price":0.32900000,"Amount":1440052.20000000,"Done":false},{"Time":"2019-04-03T23:39:00","Situation":"trend","Type":"bid","Price":0.32900000,"Amount":1440052.20000000,"Done":false},{"Time":"2019-04-03T23:40:55","Situation":"trend","Type":"bid","Price":0.32900000,"Amount":1440052.20000000,"Done":false},{"Time":"2019-04-03T23:41:25","Situation":"trend","Type":"bid","Price":0.32900000,"Amount":1440052.20000000,"Done":false},{"Time":"2019-04-04T00:04:09","Situation":"trend","Type":"bid","Price":0.32900000,"Amount":1440052.20000000,"Done":false},{"Time":"2019-04-04T00:05:39","Situation":"trend","Type":"bid","Price":0.32900000,"Amount":1440052.20000000,"Done":false},{"Time":"2019-04-04T00:06:05","Situation":"trend","Type":"bid","Price":0.32900000,"Amount":1440052.20000000,"Done":false},{"Time":"2019-04-04T00:06:05","Situation":"trend","Type":"bid","Price":0.32700000,"Amount":1530870.50000000,"Done":false},{"Time":"2019-04-04T00:06:25","Situation":"trend","Type":"bid","Price":0.32900000,"Amount":1440052.20000000,"Done":false},{"Time":"2019-04-04T00:07:25","Situation":"trend","Type":"bid","Price":0.32900000,"Amount":1440052.20000000,"Done":false},{"Time":"2019-04-04T00:07:40","Situation":"trend","Type":"bid","Price":0.32900000,"Amount":1440052.20000000,"Done":false},{"Time":"2019-04-04T00:13:10","Situation":"trend","Type":"bid","Price":0.32900000,"Amount":1441103.40000000,"Done":false},{"Time":"2019-04-04T02:57:50","Situation":"flat","Type":"bid","Price":0.34000000,"Amount":510405.90000000,"Done":false},{"Time":"2019-04-04T03:02:53","Situation":"flat","Type":"bid","Price":0.34000000,"Amount":471558.20000000,"Done":false},{"Time":"2019-04-04T15:30:05","Situation":"trend","Type":"bid","Price":0.32900000,"Amount":1461760.40000000,"Done":false},{"Time":"2019-04-04T16:18:38","Situation":"trend","Type":"bid","Price":0.33000000,"Amount":323756.70000000,"Done":false},{"Time":"2019-04-04T16:21:53","Situation":"trend","Type":"bid","Price":0.33000000,"Amount":329256.70000000,"Done":false},{"Time":"2019-04-04T16:23:14","Situation":"trend","Type":"bid","Price":0.33000000,"Amount":321903.10000000,"Done":false},{"Time":"2019-04-04T16:23:14","Situation":"trend","Type":"bid","Price":0.32900000,"Amount":1543149.20000000,"Done":false},{"Time":"2019-04-04T16:28:14","Situation":"flat","Type":"bid","Price":0.33000000,"Amount":344049.70000000,"Done":false},{"Time":"2019-04-04T16:28:14","Situation":"flat","Type":"bid","Price":0.32900000,"Amount":1506415.10000000,"Done":false},{"Time":"2019-04-04T16:28:59","Situation":"trend","Type":"bid","Price":0.33000000,"Amount":344049.70000000,"Done":false},{"Time":"2019-04-04T16:28:59","Situation":"trend","Type":"bid","Price":0.32900000,"Amount":1506415.10000000,"Done":false},{"Time":"2019-04-04T16:30:04","Situation":"trend","Type":"bid","Price":0.32900000,"Amount":1506415.10000000,"Done":false},{"Time":"2019-04-04T16:30:04","Situation":"trend","Type":"bid","Price":0.33000000,"Amount":344049.70000000,"Done":true},{"Time":"2019-04-04T16:32:05","Situation":"trend","Type":"bid","Price":0.32900000,"Amount":1363981.60000000,"Done":false},{"Time":"2019-04-04T16:32:05","Situation":"trend","Type":"bid","Price":0.33000000,"Amount":344049.70000000,"Done":true},{"Time":"2019-04-04T16:37:05","Situation":"flat","Type":"bid","Price":0.32900000,"Amount":1370296.50000000,"Done":false},{"Time":"2019-04-04T16:37:05","Situation":"flat","Type":"bid","Price":0.32700000,"Amount":1569443.50000000,"Done":false},{"Time":"2019-04-04T16:38:40","Situation":"trend","Type":"bid","Price":0.32900000,"Amount":1363126.10000000,"Done":false},{"Time":"2019-04-04T16:42:39","Situation":"trend","Type":"bid","Price":0.32900000,"Amount":1332937.10000000,"Done":false},{"Time":"2019-04-04T16:42:39","Situation":"trend","Type":"bid","Price":0.32700000,"Amount":1564612.40000000,"Done":false},{"Time":"2019-04-04T16:44:57","Situation":"trend","Type":"bid","Price":0.32700000,"Amount":1564648.90000000,"Done":false},{"Time":"2019-04-04T16:44:57","Situation":"trend","Type":"bid","Price":0.32650000,"Amount":547589.00000000,"Done":false},{"Time":"2019-04-04T16:44:57","Situation":"trend","Type":"bid","Price":0.32500000,"Amount":2017381.20000000,"Done":false},{"Time":"2019-04-04T16:46:02","Situation":"trend","Type":"bid","Price":0.32700000,"Amount":1504926.50000000,"Done":false},{"Time":"2019-04-04T16:46:02","Situation":"trend","Type":"bid","Price":0.32650000,"Amount":547589.00000000,"Done":false},{"Time":"2019-04-04T16:51:06","Situation":"flat","Type":"bid","Price":0.32700000,"Amount":1509536.50000000,"Done":false},{"Time":"2019-04-04T16:51:06","Situation":"flat","Type":"bid","Price":0.32650000,"Amount":547657.30000000,"Done":false},{"Time":"2019-04-04T16:53:28","Situation":"trend","Type":"bid","Price":0.32700000,"Amount":1509946.80000000,"Done":false},{"Time":"2019-04-04T16:53:28","Situation":"trend","Type":"bid","Price":0.32650000,"Amount":547657.30000000,"Done":false},{"Time":"2019-04-04T16:58:28","Situation":"flat","Type":"bid","Price":0.32700000,"Amount":1508433.00000000,"Done":false},{"Time":"2019-04-04T16:58:28","Situation":"flat","Type":"bid","Price":0.32650000,"Amount":548520.00000000,"Done":false},{"Time":"2019-04-04T17:03:28","Situation":"flat","Type":"bid","Price":0.32700000,"Amount":1507647.70000000,"Done":false},{"Time":"2019-04-04T17:03:28","Situation":"flat","Type":"bid","Price":0.32650000,"Amount":547657.30000000,"Done":false},{"Time":"2019-04-04T17:08:19","Situation":"trend","Type":"bid","Price":0.32700000,"Amount":1508795.10000000,"Done":false},{"Time":"2019-04-04T17:08:19","Situation":"trend","Type":"bid","Price":0.32650000,"Amount":506200.30000000,"Done":false},{"Time":"2019-04-04T17:13:15","Situation":"trend","Type":"bid","Price":0.32700000,"Amount":1507647.70000000,"Done":false},{"Time":"2019-04-04T17:13:15","Situation":"trend","Type":"bid","Price":0.32650000,"Amount":506200.30000000,"Done":false},{"Time":"2019-04-04T17:18:19","Situation":"flat","Type":"bid","Price":0.32700000,"Amount":1507783.20000000,"Done":false},{"Time":"2019-04-04T17:23:19","Situation":"flat","Type":"bid","Price":0.32700000,"Amount":1507783.20000000,"Done":false},{"Time":"2019-04-04T17:23:19","Situation":"flat","Type":"bid","Price":0.32650000,"Amount":506200.30000000,"Done":false},{"Time":"2019-04-04T17:28:20","Situation":"flat","Type":"bid","Price":0.32700000,"Amount":1507783.20000000,"Done":false},{"Time":"2019-04-04T17:28:20","Situation":"flat","Type":"bid","Price":0.32650000,"Amount":506200.30000000,"Done":false},{"Time":"2019-04-04T17:28:40","Situation":"trend","Type":"bid","Price":0.32700000,"Amount":1513583.20000000,"Done":false},{"Time":"2019-04-04T17:28:40","Situation":"trend","Type":"bid","Price":0.32650000,"Amount":506200.30000000,"Done":false},{"Time":"2019-04-04T17:33:40","Situation":"flat","Type":"bid","Price":0.32700000,"Amount":1510583.20000000,"Done":false},{"Time":"2019-04-04T17:33:40","Situation":"flat","Type":"bid","Price":0.32650000,"Amount":506200.30000000,"Done":false},{"Time":"2019-04-04T17:38:34","Situation":"trend","Type":"bid","Price":0.32700000,"Amount":1503872.90000000,"Done":false},{"Time":"2019-04-04T17:38:34","Situation":"trend","Type":"bid","Price":0.32650000,"Amount":506200.30000000,"Done":false},{"Time":"2019-04-04T17:40:40","Situation":"trend","Type":"bid","Price":0.32700000,"Amount":1503872.90000000,"Done":false},{"Time":"2019-04-04T17:40:40","Situation":"trend","Type":"bid","Price":0.32650000,"Amount":506200.30000000,"Done":false},{"Time":"2019-04-04T17:41:44","Situation":"trend","Type":"bid","Price":0.32700000,"Amount":1176155.30000000,"Done":false},{"Time":"2019-04-04T17:41:44","Situation":"trend","Type":"bid","Price":0.32650000,"Amount":506200.30000000,"Done":false},{"Time":"2019-04-04T17:41:44","Situation":"trend","Type":"bid","Price":0.32500000,"Amount":1961988.90000000,"Done":false},{"Time":"2019-04-04T17:46:45","Situation":"flat","Type":"bid","Price":0.32700000,"Amount":1168483.50000000,"Done":false},{"Time":"2019-04-04T17:46:45","Situation":"flat","Type":"bid","Price":0.32650000,"Amount":506700.30000000,"Done":false},{"Time":"2019-04-04T17:48:00","Situation":"trend","Type":"bid","Price":0.32700000,"Amount":1168483.50000000,"Done":false},{"Time":"2019-04-04T17:48:00","Situation":"trend","Type":"bid","Price":0.32650000,"Amount":506200.30000000,"Done":false},{"Time":"2019-04-04T17:48:00","Situation":"trend","Type":"bid","Price":0.32500000,"Amount":1956693.00000000,"Done":false},{"Time":"2019-04-04T17:53:00","Situation":"flat","Type":"bid","Price":0.32700000,"Amount":1170436.80000000,"Done":false},{"Time":"2019-04-04T17:53:00","Situation":"flat","Type":"bid","Price":0.32650000,"Amount":506808.50000000,"Done":false},{"Time":"2019-04-04T17:53:00","Situation":"flat","Type":"bid","Price":0.32500000,"Amount":1955539.00000000,"Done":false},{"Time":"2019-04-04T17:54:15","Situation":"trend","Type":"bid","Price":0.32700000,"Amount":1161716.30000000,"Done":false},{"Time":"2019-04-04T17:54:15","Situation":"trend","Type":"bid","Price":0.32650000,"Amount":506808.50000000,"Done":false},{"Time":"2019-04-04T17:54:15","Situation":"trend","Type":"bid","Price":0.32500000,"Amount":1955539.00000000,"Done":false},{"Time":"2019-04-04T17:59:15","Situation":"flat","Type":"bid","Price":0.32650000,"Amount":475350.50000000,"Done":false},{"Time":"2019-04-04T17:59:15","Situation":"flat","Type":"bid","Price":0.32500000,"Amount":1953127.90000000,"Done":false},{"Time":"2019-04-04T18:04:19","Situation":"flat","Type":"bid","Price":0.32500000,"Amount":1969156.50000000,"Done":false},{"Time":"2019-04-04T18:09:19","Situation":"flat","Type":"bid","Price":0.32500000,"Amount":1949115.40000000,"Done":false},{"Time":"2019-04-04T18:09:49","Situation":"trend","Type":"bid","Price":0.32500000,"Amount":1949115.40000000,"Done":false},{"Time":"2019-04-04T18:14:53","Situation":"flat","Type":"bid","Price":0.32500000,"Amount":925276.70000000,"Done":false},{"Time":"2019-04-04T18:19:55","Situation":"flat","Type":"bid","Price":0.32500000,"Amount":812097.40000000,"Done":false},{"Time":"2019-04-04T18:22:55","Situation":"trend","Type":"bid","Price":0.32500000,"Amount":737532.90000000,"Done":false},{"Time":"2019-04-04T18:24:20","Situation":"trend","Type":"bid","Price":0.32500000,"Amount":744520.20000000,"Done":false},{"Time":"2019-04-04T18:29:24","Situation":"flat","Type":"bid","Price":0.32500000,"Amount":772498.50000000,"Done":false},{"Time":"2019-04-04T18:34:24","Situation":"flat","Type":"bid","Price":0.32500000,"Amount":778652.30000000,"Done":false},{"Time":"2019-04-04T18:38:44","Situation":"trend","Type":"bid","Price":0.32500000,"Amount":784409.40000000,"Done":false},{"Time":"2019-04-04T18:43:44","Situation":"flat","Type":"bid","Price":0.32500000,"Amount":823568.90000000,"Done":false},{"Time":"2019-04-04T18:48:45","Situation":"flat","Type":"bid","Price":0.32500000,"Amount":760731.90000000,"Done":false},{"Time":"2019-04-04T18:53:45","Situation":"flat","Type":"bid","Price":0.32500000,"Amount":759632.30000000,"Done":false},{"Time":"2019-04-04T18:58:45","Situation":"flat","Type":"bid","Price":0.32500000,"Amount":759632.30000000,"Done":false},{"Time":"2019-04-04T19:03:48","Situation":"flat","Type":"bid","Price":0.32500000,"Amount":769933.90000000,"Done":false},{"Time":"2019-04-04T19:08:48","Situation":"flat","Type":"bid","Price":0.32500000,"Amount":783589.30000000,"Done":false},{"Time":"2019-04-04T19:23:54","Situation":"flat","Type":"bid","Price":0.32500000,"Amount":852175.50000000,"Done":false},{"Time":"2019-04-04T19:24:24","Situation":"trend","Type":"bid","Price":0.32500000,"Amount":845926.30000000,"Done":false},{"Time":"2019-04-04T19:29:24","Situation":"flat","Type":"bid","Price":0.32500000,"Amount":850507.50000000,"Done":false},{"Time":"2019-04-04T19:34:24","Situation":"flat","Type":"bid","Price":0.32500000,"Amount":850407.50000000,"Done":false},{"Time":"2019-04-04T19:39:24","Situation":"flat","Type":"bid","Price":0.32500000,"Amount":823673.10000000,"Done":false},{"Time":"2019-04-04T19:44:24","Situation":"flat","Type":"bid","Price":0.32500000,"Amount":822173.10000000,"Done":false},{"Time":"2019-04-04T19:49:25","Situation":"flat","Type":"bid","Price":0.32500000,"Amount":827973.10000000,"Done":false},{"Time":"2019-04-04T19:53:00","Situation":"trend","Type":"bid","Price":0.32500000,"Amount":823868.20000000,"Done":false},{"Time":"2019-04-04T19:58:04","Situation":"flat","Type":"bid","Price":0.32500000,"Amount":863989.90000000,"Done":false},{"Time":"2019-04-04T20:03:04","Situation":"flat","Type":"bid","Price":0.32500000,"Amount":862750.60000000,"Done":false},{"Time":"2019-04-04T20:08:04","Situation":"flat","Type":"bid","Price":0.32500000,"Amount":822824.50000000,"Done":false},{"Time":"2019-04-04T20:13:04","Situation":"flat","Type":"bid","Price":0.32500000,"Amount":807290.20000000,"Done":false},{"Time":"2019-04-04T20:16:15","Situation":"trend","Type":"bid","Price":0.32500000,"Amount":807290.20000000,"Done":false},{"Time":"2019-04-04T20:21:15","Situation":"flat","Type":"bid","Price":0.32500000,"Amount":809215.80000000,"Done":false},{"Time":"2019-04-04T20:22:40","Situation":"trend","Type":"bid","Price":0.32500000,"Amount":809215.80000000,"Done":false},{"Time":"2019-04-04T20:27:40","Situation":"flat","Type":"bid","Price":0.32500000,"Amount":817313.20000000,"Done":false},{"Time":"2019-04-04T20:32:43","Situation":"flat","Type":"bid","Price":0.32500000,"Amount":817313.20000000,"Done":false},{"Time":"2019-04-04T20:37:45","Situation":"flat","Type":"bid","Price":0.32500000,"Amount":812977.80000000,"Done":false},{"Time":"2019-04-04T20:42:49","Situation":"flat","Type":"bid","Price":0.32500000,"Amount":822010.40000000,"Done":false},{"Time":"2019-04-04T20:47:50","Situation":"flat","Type":"bid","Price":0.32500000,"Amount":815974.60000000,"Done":false},{"Time":"2019-04-04T20:52:50","Situation":"flat","Type":"bid","Price":0.32500000,"Amount":815974.60000000,"Done":false},{"Time":"2019-04-04T21:07:54","Situation":"flat","Type":"bid","Price":0.32500000,"Amount":827025.30000000,"Done":false},{"Time":"2019-04-04T21:12:58","Situation":"flat","Type":"bid","Price":0.32500000,"Amount":827025.30000000,"Done":false},{"Time":"2019-04-04T21:18:00","Situation":"flat","Type":"bid","Price":0.32500000,"Amount":796022.50000000,"Done":false},{"Time":"2019-04-04T21:26:34","Situation":"flat","Type":"bid","Price":0.32500000,"Amount":790515.50000000,"Done":false},{"Time":"2019-04-04T22:01:32","Situation":"flat","Type":"bid","Price":0.33159000,"Amount":1603166.90000000,"Done":false},{"Time":"2019-04-04T22:40:30","Situation":"flat","Type":"bid","Price":0.32500000,"Amount":863925.70000000,"Done":false},{"Time":"2019-04-04T22:45:34","Situation":"flat","Type":"bid","Price":0.32500000,"Amount":523750.00000000,"Done":false},{"Time":"2019-04-04T22:50:34","Situation":"flat","Type":"bid","Price":0.32500000,"Amount":586036.60000000,"Done":false},{"Time":"2019-04-04T22:55:35","Situation":"flat","Type":"bid","Price":0.32500000,"Amount":722403.50000000,"Done":false},{"Time":"2019-04-04T23:00:35","Situation":"flat","Type":"bid","Price":0.32500000,"Amount":566599.90000000,"Done":false},{"Time":"2019-04-04T23:04:39","Situation":"trend","Type":"bid","Price":0.32500000,"Amount":722403.50000000,"Done":true},{"Time":"2019-04-05T04:58:49","Situation":"trend","Type":"bid","Price":0.36100000,"Amount":609521.80000000,"Done":false},{"Time":"2019-04-05T05:16:30","Situation":"trend","Type":"bid","Price":0.37473000,"Amount":933188.00000000,"Done":false},{"Time":"2019-04-05T05:18:39","Situation":"trend","Type":"bid","Price":0.37561000,"Amount":697862.40000000,"Done":false},{"Time":"2019-04-05T05:19:54","Situation":"trend","Type":"bid","Price":0.37561000,"Amount":689875.60000000,"Done":false},{"Time":"2019-04-05T05:20:34","Situation":"trend","Type":"bid","Price":0.37561000,"Amount":689875.60000000,"Done":false},{"Time":"2019-04-05T05:48:57","Situation":"trend","Type":"bid","Price":0.36000000,"Amount":808292.40000000,"Done":false}