{"OrderBookAsks":[{"Time":"2019-04-01T19:53:39","Situation":"flat","Type":"ask","Price":1.31950000,"Amount":20650.00000000,"Done":false},{"Time":"2019-04-01T19:53:39","Situation":"flat","Type":"ask","Price":1.32400000,"Amount":6812.47000000,"Done":false},{"Time":"2019-04-01T19:53:39","Situation":"flat","Type":"ask","Price":1.33290000,"Amount":10080.00000000,"Done":false},{"Time":"2019-04-01T19:53:39","Situation":"flat","Type":"ask","Price":1.34500000,"Amount":7469.76000000,"Done":false},{"Time":"2019-04-01T19:53:39","Situation":"flat","Type":"ask","Price":1.35000000,"Amount":4318.19000000,"Done":false},{"Time":"2019-04-01T19:58:44","Situation":"flat","Type":"ask","Price":1.31950000,"Amount":20650.00000000,"Done":false},{"Time":"2019-04-01T19:58:44","Situation":"flat","Type":"ask","Price":1.32400000,"Amount":6812.47000000,"Done":false},{"Time":"2019-04-01T19:58:44","Situation":"flat","Type":"ask","Price":1.33290000,"Amount":10080.00000000,"Done":false},{"Time":"2019-04-01T19:58:44","Situation":"flat","Type":"ask","Price":1.34500000,"Amount":7469.76000000,"Done":false},{"Time":"2019-04-01T19:58:44","Situation":"flat","Type":"ask","Price":1.35000000,"Amount":4318.19000000,"Done":false},{"Time":"2019-04-01T20:03:46","Situation":"flat","Type":"ask","Price":1.30420000,"Amount":4356.02000000,"Done":false},{"Time":"2019-04-01T20:03:46","Situation":"flat","Type":"ask","Price":1.31560000,"Amount":20892.29000000,"Done":false},{"Time":"2019-04-01T20:03:46","Situation":"flat","Type":"ask","Price":1.32400000,"Amount":6812.47000000,"Done":false},{"Time":"2019-04-01T20:03:46","Situation":"flat","Type":"ask","Price":1.33290000,"Amount":10080.00000000,"Done":false},{"Time":"2019-04-01T20:03:46","Situation":"flat","Type":"ask","Price":1.34500000,"Amount":7469.76000000,"Done":false},{"Time":"2019-04-01T20:03:52","Situation":"trend","Type":"ask","Price":1.30420000,"Amount":4356.02000000,"Done":false},{"Time":"2019-04-01T20:03:52","Situation":"trend","Type":"ask","Price":1.31560000,"Amount":20892.29000000,"Done":false},{"Time":"2019-04-01T20:03:52","Situation":"trend","Type":"ask","Price":1.32400000,"Amount":6812.47000000,"Done":false},{"Time":"2019-04-01T20:03:52","Situation":"trend","Type":"ask","Price":1.33290000,"Amount":10080.00000000,"Done":false},{"Time":"2019-04-01T20:03:52","Situation":"trend","Type":"ask","Price":1.34500000,"Amount":7469.76000000,"Done":false},{"Time":"2019-04-01T20:08:54","Situation":"flat","Type":"ask","Price":1.31560000,"Amount":20892.29000000,"Done":false},{"Time":"2019-04-01T20:08:54","Situation":"flat","Type":"ask","Price":1.32400000,"Amount":6812.47000000,"Done":false},{"Time":"2019-04-01T20:08:54","Situation":"flat","Type":"ask","Price":1.33290000,"Amount":10080.00000000,"Done":false},{"Time":"2019-04-01T20:08:54","Situation":"flat","Type":"ask","Price":1.34500000,"Amount":7469.76000000,"Done":false},{"Time":"2019-04-01T20:13:58","Situation":"flat","Type":"ask","Price":1.31560000,"Amount":20892.29000000,"Done":false},{"Time":"2019-04-01T20:13:58","Situation":"flat","Type":"ask","Price":1.32400000,"Amount":6812.47000000,"Done":false},{"Time":"2019-04-01T20:13:58","Situation":"flat","Type":"ask","Price":1.33290000,"Amount":10080.00000000,"Done":false},{"Time":"2019-04-01T20:13:58","Situation":"flat","Type":"ask","Price":1.34500000,"Amount":7469.76000000,"Done":false},{"Time":"2019-04-01T20:19:16","Situation":"flat","Type":"ask","Price":1.31560000,"Amount":20892.29000000,"Done":false},{"Time":"2019-04-01T20:19:16","Situation":"flat","Type":"ask","Price":1.32400000,"Amount":6812.47000000,"Done":false},{"Time":"2019-04-01T20:19:16","Situation":"flat","Type":"ask","Price":1.33290000,"Amount":10080.00000000,"Done":false},{"Time":"2019-04-01T20:19:16","Situation":"flat","Type":"ask","Price":1.34500000,"Amount":7469.76000000,"Done":false},{"Time":"2019-04-01T20:24:14","Situation":"trend","Type":"ask","Price":1.31170000,"Amount":20650.00000000,"Done":false},{"Time":"2019-04-01T20:24:14","Situation":"trend","Type":"ask","Price":1.32000000,"Amount":7977.19000000,"Done":false},{"Time":"2019-04-01T20:24:14","Situation":"trend","Type":"ask","Price":1.32400000,"Amount":6812.47000000,"Done":false},{"Time":"2019-04-01T20:24:14","Situation":"trend","Type":"ask","Price":1.33290000,"Amount":10080.00000000,"Done":false},{"Time":"2019-04-01T20:24:14","Situation":"trend","Type":"ask","Price":1.34500000,"Amount":7469.76000000,"Done":false},{"Time":"2019-04-01T20:29:20","Situation":"flat","Type":"ask","Price":1.31170000,"Amount":20650.00000000,"Done":false},{"Time":"2019-04-01T20:29:20","Situation":"flat","Type":"ask","Price":1.32000000,"Amount":7641.37000000,"Done":false},{"Time":"2019-04-01T20:29:20","Situation":"flat","Type":"ask","Price":1.32400000,"Amount":6812.47000000,"Done":false},{"Time":"2019-04-01T20:29:20","Situation":"flat","Type":"ask","Price":1.33290000,"Amount":10080.00000000,"Done":false},{"Time":"2019-04-01T20:29:20","Situation":"flat","Type":"ask","Price":1.34500000,"Amount":7469.76000000,"Done":false},{"Time":"2019-04-01T20:34:22","Situation":"flat","Type":"ask","Price":1.31170000,"Amount":20650.00000000,"Done":false},{"Time":"2019-04-01T20:34:22","Situation":"flat","Type":"ask","Price":1.32000000,"Amount":7641.37000000,"Done":false},{"Time":"2019-04-01T20:34:22","Situation":"flat","Type":"ask","Price":1.32400000,"Amount":6812.47000000,"Done":false},{"Time":"2019-04-01T20:34:22","Situation":"flat","Type":"ask","Price":1.33290000,"Amount":10080.00000000,"Done":false},{"Time":"2019-04-01T20:34:22","Situation":"flat","Type":"ask","Price":1.34500000,"Amount":7469.76000000,"Done":false},{"Time":"2019-04-01T20:39:24","Situation":"flat","Type":"ask","Price":1.31170000,"Amount":20650.00000000,"Done":false},{"Time":"2019-04-01T20:39:24","Situation":"flat","Type":"ask","Price":1.32000000,"Amount":9641.37000000,"Done":false},{"Time":"2019-04-01T20:39:24","Situation":"flat","Type":"ask","Price":1.32400000,"Amount":6812.47000000,"Done":false},{"Time":"2019-04-01T20:39:24","Situation":"flat","Type":"ask","Price":1.33290000,"Amount":10080.00000000,"Done":false},{"Time":"2019-04-01T20:39:24","Situation":"flat","Type":"ask","Price":1.34500000,"Amount":7469.76000000,"Done":false},{"Time":"2019-04-01T20:43:14","Situation":"trend","Type":"ask","Price":1.32000000,"Amount":9641.37000000,"Done":false},{"Time":"2019-04-01T20:43:14","Situation":"trend","Type":"ask","Price":1.32400000,"Amount":6812.47000000,"Done":false},{"Time":"2019-04-01T20:43:14","Situation":"trend","Type":"ask","Price":1.33290000,"Amount":10080.00000000,"Done":false},{"Time":"2019-04-01T20:43:14","Situation":"trend","Type":"ask","Price":1.34500000,"Amount":7469.76000000,"Done":false},{"Time":"2019-04-01T20:43:14","Situation":"trend","Type":"ask","Price":1.35000000,"Amount":4186.31000000,"Done":false},{"Time":"2019-04-01T20:50:10","Situation":"flat","Type":"ask","Price":1.32000000,"Amount":7641.37000000,"Done":false},{"Time":"2019-04-01T20:50:10","Situation":"flat","Type":"ask","Price":1.32400000,"Amount":6812.47000000,"Done":false},{"Time":"2019-04-01T20:50:10","Situation":"flat","Type":"ask","Price":1.33290000,"Amount":10080.00000000,"Done":false},{"Time":"2019-04-01T20:50:10","Situation":"flat","Type":"ask","Price":1.34500000,"Amount":7469.76000000,"Done":false},{"Time":"2019-04-01T20:50:10","Situation":"flat","Type":"ask","Price":1.35000000,"Amount":4186.31000000,"Done":false},{"Time":"2019-04-01T20:55:10","Situation":"flat","Type":"ask","Price":1.32000000,"Amount":7641.37000000,"Done":false},{"Time":"2019-04-01T20:55:10","Situation":"flat","Type":"ask","Price":1.32400000,"Amount":6812.47000000,"Done":false},{"Time":"2019-04-01T20:55:10","Situation":"flat","Type":"ask","Price":1.33290000,"Amount":10080.00000000,"Done":false},{"Time":"2019-04-01T20:55:10","Situation":"flat","Type":"ask","Price":1.34500000,"Amount":7469.76000000,"Done":false},{"Time":"2019-04-01T20:55:10","Situation":"flat","Type":"ask","Price":1.35000000,"Amount":4186.31000000,"Done":false},{"Time":"2019-04-01T21:00:10","Situation":"flat","Type":"ask","Price":1.32000000,"Amount":7641.37000000,"Done":false},{"Time":"2019-04-01T21:00:10","Situation":"flat","Type":"ask","Price":1.32400000,"Amount":8812.47000000,"Done":false},{"Time":"2019-04-01T21:00:10","Situation":"flat","Type":"ask","Price":1.33290000,"Amount":10080.00000000,"Done":false},{"Time":"2019-04-01T21:00:10","Situation":"flat","Type":"ask","Price":1.34500000,"Amount":7469.76000000,"Done":false},{"Time":"2019-04-01T21:00:10","Situation":"flat","Type":"ask","Price":1.35000000,"Amount":4186.31000000,"Done":false},{"Time":"2019-04-01T21:05:11","Situation":"flat","Type":"ask","Price":1.32000000,"Amount":7641.37000000,"Done":false},{"Time":"2019-04-01T21:05:11","Situation":"flat","Type":"ask","Price":1.32400000,"Amount":6812.47000000,"Done":false},{"Time":"2019-04-01T21:05:11","Situation":"flat","Type":"ask","Price":1.34500000,"Amount":7298.45000000,"Done":false},{"Time":"2019-04-01T21:05:11","Situation":"flat","Type":"ask","Price":1.35000000,"Amount":4766.82000000,"Done":false},{"Time":"2019-04-01T21:10:15","Situation":"flat","Type":"ask","Price":1.32000000,"Amount":7641.37000000,"Done":false},{"Time":"2019-04-01T21:10:15","Situation":"flat","Type":"ask","Price":1.32400000,"Amount":6812.47000000,"Done":false},{"Time":"2019-04-01T21:10:15","Situation":"flat","Type":"ask","Price":1.34500000,"Amount":7298.45000000,"Done":false},{"Time":"2019-04-01T21:10:15","Situation":"flat","Type":"ask","Price":1.35000000,"Amount":6366.82000000,"Done":false},{"Time":"2019-04-01T21:15:19","Situation":"flat","Type":"ask","Price":1.32400000,"Amount":6812.47000000,"Done":false},{"Time":"2019-04-01T21:15:19","Situation":"flat","Type":"ask","Price":1.34500000,"Amount":7298.45000000,"Done":false},{"Time":"2019-04-01T21:15:19","Situation":"flat","Type":"ask","Price":1.35000000,"Amount":4766.82000000,"Done":false},{"Time":"2019-04-01T21:20:20","Situation":"flat","Type":"ask","Price":1.31300000,"Amount":4193.20000000,"Done":false},{"Time":"2019-04-01T21:20:20","Situation":"flat","Type":"ask","Price":1.32400000,"Amount":6812.47000000,"Done":false},{"Time":"2019-04-01T21:20:20","Situation":"flat","Type":"ask","Price":1.34500000,"Amount":7298.45000000,"Done":false},{"Time":"2019-04-01T21:20:20","Situation":"flat","Type":"ask","Price":1.35000000,"Amount":4766.82000000,"Done":false},{"Time":"2019-04-01T21:21:35","Situation":"trend","Type":"ask","Price":1.31300000,"Amount":4193.20000000,"Done":false},{"Time":"2019-04-01T21:21:35","Situation":"trend","Type":"ask","Price":1.32400000,"Amount":6812.47000000,"Done":false},{"Time":"2019-04-01T21:21:35","Situation":"trend","Type":"ask","Price":1.34500000,"Amount":7298.45000000,"Done":false},{"Time":"2019-04-01T21:21:35","Situation":"trend","Type":"ask","Price":1.35000000,"Amount":4766.82000000,"Done":false},{"Time":"2019-04-01T21:26:39","Situation":"flat","Type":"ask","Price":1.31300000,"Amount":4193.20000000,"Done":false},{"Time":"2019-04-01T21:26:39","Situation":"flat","Type":"ask","Price":1.32400000,"Amount":8812.47000000,"Done":false},{"Time":"2019-04-01T21:26:39","Situation":"flat","Type":"ask","Price":1.34500000,"Amount":7298.45000000,"Done":false},{"Time":"2019-04-01T21:31:39","Situation":"flat","Type":"ask","Price":1.31890000,"Amount":20650.00000000,"Done":false},{"Time":"2019-04-01T21:31:39","Situation":"flat","Type":"ask","Price":1.32400000,"Amount":6812.47000000,"Done":false},{"Time":"2019-04-01T21:31:39","Situation":"flat","Type":"ask","Price":1.33620000,"Amount":10080.00000000,"Done":false},{"Time":"2019-04-01T21:31:39","Situation":"flat","Type":"ask","Price":1.34500000,"Amount":7298.45000000,"Done":false},{"Time":"2019-04-01T21:31:39","Situation":"flat","Type":"ask","Price":1.35000000,"Amount":4766.82000000,"Done":false},{"Time":"2019-04-01T21:36:39","Situation":"flat","Type":"ask","Price":1.32310000,"Amount":20650.00000000,"Done":false},{"Time":"2019-04-01T21:36:39","Situation":"flat","Type":"ask","Price":1.32400000,"Amount":6812.47000000,"Done":false},{"Time":"2019-04-01T21:36:39","Situation":"flat","Type":"ask","Price":1.33620000,"Amount":10080.00000000,"Done":false},{"Time":"2019-04-01T21:36:39","Situation":"flat","Type":"ask","Price":1.34500000,"Amount":7298.45000000,"Done":false},{"Time":"2019-04-01T21:36:39","Situation":"flat","Type":"ask","Price":1.35000000,"Amount":4766.82000000,"Done":false},{"Time":"2019-04-01T21:41:39","Situation":"flat","Type":"ask","Price":1.32310000,"Amount":20650.00000000,"Done":false},{"Time":"2019-04-01T21:41:39","Situation":"flat","Type":"ask","Price":1.32400000,"Amount":6812.47000000,"Done":false},{"Time":"2019-04-01T21:41:39","Situation":"flat","Type":"ask","Price":1.33620000,"Amount":10080.00000000,"Done":false},{"Time":"2019-04-01T21:41:39","Situation":"flat","Type":"ask","Price":1.34500000,"Amount":7298.45000000,"Done":false},{"Time":"2019-04-01T21:46:40","Situation":"flat","Type":"ask","Price":1.32310000,"Amount":20650.00000000,"Done":false},{"Time":"2019-04-01T21:46:40","Situation":"flat","Type":"ask","Price":1.32400000,"Amount":6812.47000000,"Done":false},{"Time":"2019-04-01T21:46:40","Situation":"flat","Type":"ask","Price":1.33620000,"Amount":10080.00000000,"Done":false},{"Time":"2019-04-01T21:46:40","Situation":"flat","Type":"ask","Price":1.34500000,"Amount":7298.45000000,"Done":false},{"Time":"2019-04-01T21:46:40","Situation":"flat","Type":"ask","Price":1.35000000,"Amount":4766.82000000,"Done":false},{"Time":"2019-04-01T21:51:40","Situation":"flat","Type":"ask","Price":1.32310000,"Amount":20650.00000000,"Done":false},{"Time":"2019-04-01T21:51:40","Situation":"flat","Type":"ask","Price":1.32400000,"Amount":6812.47000000,"Done":false},{"Time":"2019-04-01T21:51:40","Situation":"flat","Type":"ask","Price":1.33620000,"Amount":10080.00000000,"Done":false},{"Time":"2019-04-01T21:51:40","Situation":"flat","Type":"ask","Price":1.34500000,"Amount":7298.45000000,"Done":false},{"Time":"2019-04-01T21:56:40","Situation":"flat","Type":"ask","Price":1.32310000,"Amount":20650.00000000,"Done":false},{"Time":"2019-04-01T21:56:40","Situation":"flat","Type":"ask","Price":1.32400000,"Amount":6812.47000000,"Done":false},{"Time":"2019-04-01T21:56:40","Situation":"flat","Type":"ask","Price":1.33620000,"Amount":10080.00000000,"Done":false},{"Time":"2019-04-01T21:56:40","Situation":"flat","Type":"ask","Price":1.34500000,"Amount":7298.45000000,"Done":false},{"Time":"2019-04-01T22:01:40","Situation":"flat","Type":"ask","Price":1.32310000,"Amount":20650.00000000,"Done":false},{"Time":"2019-04-01T22:01:40","Situation":"flat","Type":"ask","Price":1.32400000,"Amount":6812.47000000,"Done":false},{"Time":"2019-04-01T22:01:40","Situation":"flat","Type":"ask","Price":1.33620000,"Amount":10080.00000000,"Done":false},{"Time":"2019-04-01T22:01:40","Situation":"flat","Type":"ask","Price":1.34500000,"Amount":7298.45000000,"Done":false},{"Time":"2019-04-01T22:01:40","Situation":"flat","Type":"ask","Price":1.35000000,"Amount":4766.82000000,"Done":false},{"Time":"2019-04-01T22:06:47","Situation":"flat","Type":"ask","Price":1.32400000,"Amount":7312.45000000,"Done":false},{"Time":"2019-04-01T22:06:47","Situation":"flat","Type":"ask","Price":1.32720000,"Amount":20650.00000000,"Done":false},{"Time":"2019-04-01T22:06:47","Situation":"flat","Type":"ask","Price":1.34330000,"Amount":10264.73000000,"Done":false},{"Time":"2019-04-01T22:06:47","Situation":"flat","Type":"ask","Price":1.34500000,"Amount":7298.45000000,"Done":false},{"Time":"2019-04-01T22:06:47","Situation":"flat","Type":"ask","Price":1.35000000,"Amount":4766.82000000,"Done":false},{"Time":"2019-04-01T22:11:50","Situation":"flat","Type":"ask","Price":1.32400000,"Amount":6812.47000000,"Done":false},{"Time":"2019-04-01T22:11:50","Situation":"flat","Type":"ask","Price":1.32720000,"Amount":20650.00000000,"Done":false},{"Time":"2019-04-01T22:11:50","Situation":"flat","Type":"ask","Price":1.34330000,"Amount":10264.73000000,"Done":false},{"Time":"2019-04-01T22:11:50","Situation":"flat","Type":"ask","Price":1.34500000,"Amount":7298.45000000,"Done":false},{"Time":"2019-04-01T22:11:50","Situation":"flat","Type":"ask","Price":1.35000000,"Amount":4766.82000000,"Done":false},{"Time":"2019-04-01T22:16:54","Situation":"flat","Type":"ask","Price":1.33150000,"Amount":20650.00000000,"Done":false},{"Time":"2019-04-01T22:16:54","Situation":"flat","Type":"ask","Price":1.34500000,"Amount":7298.45000000,"Done":false},{"Time":"2019-04-01T22:16:54","Situation":"flat","Type":"ask","Price":1.35000000,"Amount":4766.82000000,"Done":false},{"Time":"2019-04-01T22:16:54","Situation":"flat","Type":"ask","Price":1.35040000,"Amount":10080.00000000,"Done":false},{"Time":"2019-04-01T22:16:54","Situation":"flat","Type":"ask","Price":1.35500000,"Amount":4434.50000000,"Done":false},{"Time":"2019-04-01T22:16:54","Situation":"flat","Type":"ask","Price":1.36000000,"Amount":6342.24000000,"Done":false},{"Time":"2019-04-01T22:21:54","Situation":"flat","Type":"ask","Price":1.33150000,"Amount":20650.00000000,"Done":false},{"Time":"2019-04-01T22:21:54","Situation":"flat","Type":"ask","Price":1.34500000,"Amount":7298.45000000,"Done":false},{"Time":"2019-04-01T22:21:54","Situation":"flat","Type":"ask","Price":1.35000000,"Amount":7161.27000000,"Done":false},{"Time":"2019-04-01T22:21:54","Situation":"flat","Type":"ask","Price":1.35040000,"Amount":10080.00000000,"Done":false},{"Time":"2019-04-01T22:21:54","Situation":"flat","Type":"ask","Price":1.35500000,"Amount":4434.50000000,"Done":false},{"Time":"2019-04-01T22:21:54","Situation":"flat","Type":"ask","Price":1.36000000,"Amount":6342.24000000,"Done":false},{"Time":"2019-04-01T22:26:55","Situation":"flat","Type":"ask","Price":1.33150000,"Amount":20650.00000000,"Done":false},{"Time":"2019-04-01T22:26:55","Situation":"flat","Type":"ask","Price":1.34500000,"Amount":7298.45000000,"Done":false},{"Time":"2019-04-01T22:26:55","Situation":"flat","Type":"ask","Price":1.35000000,"Amount":4766.82000000,"Done":false},{"Time":"2019-04-01T22:26:55","Situation":"flat","Type":"ask","Price":1.35040000,"Amount":10080.00000000,"Done":false},{"Time":"2019-04-01T22:26:55","Situation":"flat","Type":"ask","Price":1.35500000,"Amount":4434.50000000,"Done":false},{"Time":"2019-04-01T22:26:55","Situation":"flat","Type":"ask","Price":1.36000000,"Amount":6342.24000000,"Done":false},{"Time":"2019-04-01T22:31:55","Situation":"flat","Type":"ask","Price":1.33150000,"Amount":20650.00000000,"Done":false},{"Time":"2019-04-01T22:31:55","Situation":"flat","Type":"ask","Price":1.33500000,"Amount":4047.21000000,"Done":false},{"Time":"2019-04-01T22:31:55","Situation":"flat","Type":"ask","Price":1.34500000,"Amount":7298.45000000,"Done":false},{"Time":"2019-04-01T22:31:55","Situation":"flat","Type":"ask","Price":1.35000000,"Amount":4766.82000000,"Done":false},{"Time":"2019-04-01T22:31:55","Situation":"flat","Type":"ask","Price":1.35040000,"Amount":10080.00000000,"Done":false},{"Time":"2019-04-01T22:31:55","Situation":"flat","Type":"ask","Price":1.35500000,"Amount":4434.50000000,"Done":false},{"Time":"2019-04-01T22:31:55","Situation":"flat","Type":"ask","Price":1.36000000,"Amount":6342.24000000,"Done":false},{"Time":"2019-04-01T22:36:59","Situation":"flat","Type":"ask","Price":1.33150000,"Amount":20650.00000000,"Done":false},{"Time":"2019-04-01T22:36:59","Situation":"flat","Type":"ask","Price":1.33500000,"Amount":4047.21000000,"Done":false},{"Time":"2019-04-01T22:36:59","Situation":"flat","Type":"ask","Price":1.34500000,"Amount":7298.45000000,"Done":false},{"Time":"2019-04-01T22:36:59","Situation":"flat","Type":"ask","Price":1.35000000,"Amount":4766.82000000,"Done":false},{"Time":"2019-04-01T22:36:59","Situation":"flat","Type":"ask","Price":1.35040000,"Amount":10080.00000000,"Done":false},{"Time":"2019-04-01T22:36:59","Situation":"flat","Type":"ask","Price":1.35500000,"Amount":4434.50000000,"Done":false},{"Time":"2019-04-01T22:36:59","Situation":"flat","Type":"ask","Price":1.36000000,"Amount":6342.24000000,"Done":false},{"Time":"2019-04-01T22:41:59","Situation":"flat","Type":"ask","Price":1.33150000,"Amount":20650.00000000,"Done":false},{"Time":"2019-04-01T22:41:59","Situation":"flat","Type":"ask","Price":1.33500000,"Amount":4047.21000000,"Done":false},{"Time":"2019-04-01T22:41:59","Situation":"flat","Type":"ask","Price":1.34500000,"Amount":7298.45000000,"Done":false},{"Time":"2019-04-01T22:41:59","Situation":"flat","Type":"ask","Price":1.35000000,"Amount":4766.82000000,"Done":false},{"Time":"2019-04-01T22:41:59","Situation":"flat","Type":"ask","Price":1.35040000,"Amount":10080.00000000,"Done":false},{"Time":"2019-04-01T22:41:59","Situation":"flat","Type":"ask","Price":1.35500000,"Amount":4434.50000000,"Done":false},{"Time":"2019-04-01T22:46:59","Situation":"flat","Type":"ask","Price":1.33150000,"Amount":20650.00000000,"Done":false},{"Time":"2019-04-01T22:46:59","Situation":"flat","Type":"ask","Price":1.34500000,"Amount":7298.45000000,"Done":false},{"Time":"2019-04-01T22:46:59","Situation":"flat","Type":"ask","Price":1.35000000,"Amount":4766.82000000,"Done":false},{"Time":"2019-04-01T22:46:59","Situation":"flat","Type":"ask","Price":1.35040000,"Amount":10080.00000000,"Done":false},{"Time":"2019-04-01T22:46:59","Situation":"flat","Type":"ask","Price":1.35500000,"Amount":4434.50000000,"Done":false},{"Time":"2019-04-01T22:51:59","Situation":"flat","Type":"ask","Price":1.32760000,"Amount":20650.00000000,"Done":false},{"Time":"2019-04-01T22:51:59","Situation":"flat","Type":"ask","Price":1.34500000,"Amount":7298.45000000,"Done":false},{"Time":"2019-04-01T22:51:59","Situation":"flat","Type":"ask","Price":1.35000000,"Amount":4766.82000000,"Done":false},{"Time":"2019-04-01T22:51:59","Situation":"flat","Type":"ask","Price":1.35040000,"Amount":10080.00000000,"Done":false},{"Time":"2019-04-01T22:51:59","Situation":"flat","Type":"ask","Price":1.35500000,"Amount":4434.50000000,"Done":false},{"Time":"2019-04-01T22:55:04","Situation":"trend","Type":"ask","Price":1.32760000,"Amount":20650.00000000,"Done":false},{"Time":"2019-04-01T22:55:04","Situation":"trend","Type":"ask","Price":1.34350000,"Amount":10080.00000000,"Done":false},{"Time":"2019-04-01T22:55:04","Situation":"trend","Type":"ask","Price":1.34500000,"Amount":7298.45000000,"Done":false},{"Time":"2019-04-01T22:55:04","Situation":"trend","Type":"ask","Price":1.35000000,"Amount":4766.82000000,"Done":false},{"Time":"2019-04-01T22:55:04","Situation":"trend","Type":"ask","Price":1.33150000,"Amount":20650.00000000,"Done":true},{"Time":"2019-04-01T22:55:04","Situation":"trend","Type":"ask","Price":1.35040000,"Amount":10080.00000000,"Done":true},{"Time":"2019-04-01T22:55:04","Situation":"trend","Type":"ask","Price":1.35500000,"Amount":4434.50000000,"Done":true},{"Time":"2019-04-01T22:59:09","Situation":"trend","Type":"ask","Price":1.31960000,"Amount":20650.00000000,"Done":false},{"Time":"2019-04-01T22:59:09","Situation":"trend","Type":"ask","Price":1.33660000,"Amount":10325.00000000,"Done":false},{"Time":"2019-04-01T22:59:09","Situation":"trend","Type":"ask","Price":1.34500000,"Amount":7298.45000000,"Done":false},{"Time":"2019-04-01T22:59:09","Situation":"trend","Type":"ask","Price":1.34670000,"Amount":4761.00000000,"Done":false},{"Time":"2019-04-01T22:59:09","Situation":"trend","Type":"ask","Price":1.32760000,"Amount":20650.00000000,"Done":true},{"Time":"2019-04-01T22:59:09","Situation":"trend","Type":"ask","Price":1.35000000,"Amount":4766.82000000,"Done":true},{"Time":"2019-04-01T22:59:09","Situation":"trend","Type":"ask","Price":1.35040000,"Amount":10080.00000000,"Done":true},{"Time":"2019-04-01T22:59:09","Situation":"trend","Type":"ask","Price":1.35500000,"Amount":4434.50000000,"Done":true},{"Time":"2019-04-01T23:04:09","Situation":"flat","Type":"ask","Price":1.31960000,"Amount":20650.00000000,"Done":false},{"Time":"2019-04-01T23:04:09","Situation":"flat","Type":"ask","Price":1.33660000,"Amount":10325.00000000,"Done":false},{"Time":"2019-04-01T23:04:09","Situation":"flat","Type":"ask","Price":1.34500000,"Amount":7298.45000000,"Done":false},{"Time":"2019-04-01T23:04:39","Situation":"trend","Type":"ask","Price":1.31960000,"Amount":20650.00000000,"Done":false},{"Time":"2019-04-01T23:04:39","Situation":"trend","Type":"ask","Price":1.33660000,"Amount":10325.00000000,"Done":false},{"Time":"2019-04-01T23:04:39","Situation":"trend","Type":"ask","Price":1.34500000,"Amount":7298.45000000,"Done":false},{"Time":"2019-04-01T23:09:39","Situation":"flat","Type":"ask","Price":1.31960000,"Amount":20650.00000000,"Done":false},{"Time":"2019-04-01T23:09:39","Situation":"flat","Type":"ask","Price":1.33660000,"Amount":10325.00000000,"Done":false},{"Time":"2019-04-01T23:09:39","Situation":"flat","Type":"ask","Price":1.34500000,"Amount":7298.45000000,"Done":false},{"Time":"2019-04-01T23:12:33","Situation":"trend","Type":"ask","Price":1.32880000,"Amount":20650.00000000,"Done":false},{"Time":"2019-04-01T23:12:33","Situation":"trend","Type":"ask","Price":1.34450000,"Amount":10325.00000000,"Done":false},{"Time":"2019-04-01T23:12:33","Situation":"trend","Type":"ask","Price":1.34500000,"Amount":7298.45000000,"Done":false},{"Time":"2019-04-01T23:12:33","Situation":"trend","Type":"ask","Price":1.35000000,"Amount":5254.22000000,"Done":false},{"Time":"2019-04-01T23:12:33","Situation":"trend","Type":"ask","Price":1.35500000,"Amount":4434.50000000,"Done":false},{"Time":"2019-04-01T23:12:33","Situation":"trend","Type":"ask","Price":1.36000000,"Amount":6342.24000000,"Done":false},{"Time":"2019-04-01T23:14:09","Situation":"trend","Type":"ask","Price":1.32980000,"Amount":20650.00000000,"Done":false},{"Time":"2019-04-01T23:14:09","Situation":"trend","Type":"ask","Price":1.34450000,"Amount":10325.00000000,"Done":false},{"Time":"2019-04-01T23:14:09","Situation":"trend","Type":"ask","Price":1.34500000,"Amount":7298.45000000,"Done":false},{"Time":"2019-04-01T23:14:09","Situation":"trend","Type":"ask","Price":1.35000000,"Amount":5254.22000000,"Done":false},{"Time":"2019-04-01T23:14:09","Situation":"trend","Type":"ask","Price":1.35500000,"Amount":4434.50000000,"Done":false},{"Time":"2019-04-01T23:14:09","Situation":"trend","Type":"ask","Price":1.31960000,"Amount":20650.00000000,"Done":true},{"Time":"2019-04-01T23:14:09","Situation":"trend","Type":"ask","Price":1.33660000,"Amount":10325.00000000,"Done":true},{"Time":"2019-04-01T23:17:15","Situation":"trend","Type":"ask","Price":1.33390000,"Amount":20650.00000000,"Done":false},{"Time":"2019-04-01T23:17:15","Situation":"trend","Type":"ask","Price":1.34500000,"Amount":7298.45000000,"Done":false},{"Time":"2019-04-01T23:17:15","Situation":"trend","Type":"ask","Price":1.35000000,"Amount":4673.71000000,"Done":false},{"Time":"2019-04-01T23:17:15","Situation":"trend","Type":"ask","Price":1.35160000,"Amount":10325.00000000,"Done":false},{"Time":"2019-04-01T23:17:15","Situation":"trend","Type":"ask","Price":1.35500000,"Amount":4434.50000000,"Done":false},{"Time":"2019-04-01T23:17:15","Situation":"trend","Type":"ask","Price":1.36000000,"Amount":6342.24000000,"Done":false},{"Time":"2019-04-01T23:17:15","Situation":"trend","Type":"ask","Price":1.31960000,"Amount":20650.00000000,"Done":true},{"Time":"2019-04-01T23:17:15","Situation":"trend","Type":"ask","Price":1.33660000,"Amount":10325.00000000,"Done":true},{"Time":"2019-04-01T23:22:15","Situation":"flat","Type":"ask","Price":1.32990000,"Amount":20650.00000000,"Done":false},{"Time":"2019-04-01T23:22:15","Situation":"flat","Type":"ask","Price":1.33500000,"Amount":4500.00000000,"Done":false},{"Time":"2019-04-01T23:22:15","Situation":"flat","Type":"ask","Price":1.34500000,"Amount":7298.45000000,"Done":false},{"Time":"2019-04-01T23:22:15","Situation":"flat","Type":"ask","Price":1.35000000,"Amount":5399.45000000,"Done":false},{"Time":"2019-04-01T23:22:15","Situation":"flat","Type":"ask","Price":1.35160000,"Amount":10325.00000000,"Done":false},{"Time":"2019-04-01T23:22:15","Situation":"flat","Type":"ask","Price":1.35500000,"Amount":4434.50000000,"Done":false},{"Time":"2019-04-01T23:23:45","Situation":"trend","Type":"ask","Price":1.32990000,"Amount":20650.00000000,"Done":false},{"Time":"2019-04-01T23:23:45","Situation":"trend","Type":"ask","Price":1.34500000,"Amount":7298.45000000,"Done":false},{"Time":"2019-04-01T23:23:45","Situation":"trend","Type":"ask","Price":1.35000000,"Amount":5399.45000000,"Done":false},{"Time":"2019-04-01T23:23:45","Situation":"trend","Type":"ask","Price":1.35160000,"Amount":10325.00000000,"Done":false},{"Time":"2019-04-01T23:23:45","Situation":"trend","Type":"ask","Price":1.35500000,"Amount":4434.50000000,"Done":false},{"Time":"2019-04-01T23:28:45","Situation":"flat","Type":"ask","Price":1.32590000,"Amount":20650.00000000,"Done":false},{"Time":"2019-04-01T23:28:45","Situation":"flat","Type":"ask","Price":1.33000000,"Amount":5574.93000000,"Done":false},{"Time":"2019-04-01T23:28:45","Situation":"flat","Type":"ask","Price":1.34460000,"Amount":10325.00000000,"Done":false},{"Time":"2019-04-01T23:28:45","Situation":"flat","Type":"ask","Price":1.34500000,"Amount":7298.45000000,"Done":false},{"Time":"2019-04-01T23:28:45","Situation":"flat","Type":"ask","Price":1.35000000,"Amount":5399.45000000,"Done":false},{"Time":"2019-04-01T23:28:45","Situation":"flat","Type":"ask","Price":1.35500000,"Amount":4434.50000000,"Done":false},{"Time":"2019-04-01T23:33:45","Situation":"flat","Type":"ask","Price":1.32590000,"Amount":20650.00000000,"Done":false},{"Time":"2019-04-01T23:33:45","Situation":"flat","Type":"ask","Price":1.33000000,"Amount":7574.93000000,"Done":false},{"Time":"2019-04-01T23:33:45","Situation":"flat","Type":"ask","Price":1.34460000,"Amount":10325.00000000,"Done":false},{"Time":"2019-04-01T23:33:45","Situation":"flat","Type":"ask","Price":1.34500000,"Amount":7298.45000000,"Done":false},{"Time":"2019-04-01T23:33:45","Situation":"flat","Type":"ask","Price":1.35000000,"Amount":5399.45000000,"Done":false},{"Time":"2019-04-01T23:33:45","Situation":"flat","Type":"ask","Price":1.35500000,"Amount":4434.50000000,"Done":false},{"Time":"2019-04-01T23:38:45","Situation":"flat","Type":"ask","Price":1.32590000,"Amount":20650.00000000,"Done":false},{"Time":"2019-04-01T23:38:45","Situation":"flat","Type":"ask","Price":1.33000000,"Amount":5606.47000000,"Done":false},{"Time":"2019-04-01T23:38:45","Situation":"flat","Type":"ask","Price":1.34460000,"Amount":10325.00000000,"Done":false},{"Time":"2019-04-01T23:38:45","Situation":"flat","Type":"ask","Price":1.34500000,"Amount":7298.45000000,"Done":false},{"Time":"2019-04-01T23:38:45","Situation":"flat","Type":"ask","Price":1.35000000,"Amount":5399.45000000,"Done":false},{"Time":"2019-04-01T23:38:45","Situation":"flat","Type":"ask","Price":1.35500000,"Amount":4434.50000000,"Done":false},{"Time":"2019-04-01T23:43:49","Situation":"flat","Type":"ask","Price":1.32590000,"Amount":20650.00000000,"Done":false},{"Time":"2019-04-01T23:43:49","Situation":"flat","Type":"ask","Price":1.34460000,"Amount":10325.00000000,"Done":false},{"Time":"2019-04-01T23:43:49","Situation":"flat","Type":"ask","Price":1.34500000,"Amount":7298.45000000,"Done":false},{"Time":"2019-04-01T23:43:49","Situation":"flat","Type":"ask","Price":1.35000000,"Amount":5399.45000000,"Done":false},{"Time":"2019-04-01T23:48:51","Situation":"flat","Type":"ask","Price":1.32200000,"Amount":20650.00000000,"Done":false},{"Time":"2019-04-01T23:48:51","Situation":"flat","Type":"ask","Price":1.32600000,"Amount":4020.53000000,"Done":false},{"Time":"2019-04-01T23:48:51","Situation":"flat","Type":"ask","Price":1.34460000,"Amount":10325.00000000,"Done":false},{"Time":"2019-04-01T23:48:51","Situation":"flat","Type":"ask","Price":1.34500000,"Amount":7298.45000000,"Done":false},{"Time":"2019-04-01T23:48:51","Situation":"flat","Type":"ask","Price":1.35000000,"Amount":5399.45000000,"Done":false},{"Time":"2019-04-01T23:53:44","Situation":"trend","Type":"ask","Price":1.32610000,"Amount":20831.90000000,"Done":false},{"Time":"2019-04-01T23:53:44","Situation":"trend","Type":"ask","Price":1.34460000,"Amount":10325.00000000,"Done":false},{"Time":"2019-04-01T23:53:44","Situation":"trend","Type":"ask","Price":1.34500000,"Amount":7298.45000000,"Done":false},{"Time":"2019-04-01T23:53:44","Situation":"trend","Type":"ask","Price":1.35000000,"Amount":5399.45000000,"Done":false},{"Time":"2019-04-01T23:53:44","Situation":"trend","Type":"ask","Price":1.35500000,"Amount":4434.50000000,"Done":false},{"Time":"2019-04-01T23:58:44","Situation":"flat","Type":"ask","Price":1.33050000,"Amount":20672.85000000,"Done":false},{"Time":"2019-04-01T23:58:44","Situation":"flat","Type":"ask","Price":1.34460000,"Amount":10325.00000000,"Done":false},{"Time":"2019-04-01T23:58:44","Situation":"flat","Type":"ask","Price":1.34500000,"Amount":7328.45000000,"Done":false},{"Time":"2019-04-01T23:58:44","Situation":"flat","Type":"ask","Price":1.35000000,"Amount":5399.45000000,"Done":false},{"Time":"2019-04-01T23:58:44","Situation":"flat","Type":"ask","Price":1.35500000,"Amount":4434.50000000,"Done":false},{"Time":"2019-04-02T00:03:44","Situation":"flat","Type":"ask","Price":1.32650000,"Amount":20650.00000000,"Done":false},{"Time":"2019-04-02T00:03:44","Situation":"flat","Type":"ask","Price":1.33000000,"Amount":5606.47000000,"Done":false},{"Time":"2019-04-02T00:03:44","Situation":"flat","Type":"ask","Price":1.34460000,"Amount":10325.00000000,"Done":false},{"Time":"2019-04-02T00:03:44","Situation":"flat","Type":"ask","Price":1.34500000,"Amount":7328.45000000,"Done":false},{"Time":"2019-04-02T00:03:44","Situation":"flat","Type":"ask","Price":1.35000000,"Amount":5399.45000000,"Done":false},{"Time":"2019-04-02T00:08:44","Situation":"flat","Type":"ask","Price":1.32650000,"Amount":20650.00000000,"Done":false},{"Time":"2019-04-02T00:08:44","Situation":"flat","Type":"ask","Price":1.33000000,"Amount":5606.47000000,"Done":false},{"Time":"2019-04-02T00:08:44","Situation":"flat","Type":"ask","Price":1.34460000,"Amount":10325.00000000,"Done":false},{"Time":"2019-04-02T00:08:44","Situation":"flat","Type":"ask","Price":1.34500000,"Amount":7328.45000000,"Done":false},{"Time":"2019-04-02T00:08:44","Situation":"flat","Type":"ask","Price":1.35000000,"Amount":5399.45000000,"Done":false},{"Time":"2019-04-02T00:13:45","Situation":"flat","Type":"ask","Price":1.32650000,"Amount":20650.00000000,"Done":false},{"Time":"2019-04-02T00:13:45","Situation":"flat","Type":"ask","Price":1.33500000,"Amount":4530.00000000,"Done":false},{"Time":"2019-04-02T00:13:45","Situation":"flat","Type":"ask","Price":1.34460000,"Amount":10325.00000000,"Done":false},{"Time":"2019-04-02T00:13:45","Situation":"flat","Type":"ask","Price":1.34500000,"Amount":7328.45000000,"Done":false},{"Time":"2019-04-02T00:13:45","Situation":"flat","Type":"ask","Price":1.35000000,"Amount":5399.45000000,"Done":false},{"Time":"2019-04-02T00:13:45","Situation":"flat","Type":"ask","Price":1.35500000,"Amount":4434.50000000,"Done":false},{"Time":"2019-04-02T00:18:45","Situation":"flat","Type":"ask","Price":1.32650000,"Amount":20650.00000000,"Done":false},{"Time":"2019-04-02T00:18:45","Situation":"flat","Type":"ask","Price":1.34460000,"Amount":10325.00000000,"Done":false},{"Time":"2019-04-02T00:18:45","Situation":"flat","Type":"ask","Price":1.34500000,"Amount":7328.45000000,"Done":false},{"Time":"2019-04-02T00:18:45","Situation":"flat","Type":"ask","Price":1.35000000,"Amount":5399.45000000,"Done":false},{"Time":"2019-04-02T00:18:45","Situation":"flat","Type":"ask","Price":1.35500000,"Amount":4434.50000000,"Done":false},{"Time":"2019-04-02T00:20:25","Situation":"trend","Type":"ask","Price":1.31920000,"Amount":4300.00000000,"Done":false},{"Time":"2019-04-02T00:20:25","Situation":"trend","Type":"ask","Price":1.32260000,"Amount":20650.00000000,"Done":false},{"Time":"2019-04-02T00:20:25","Situation":"trend","Type":"ask","Price":1.34460000,"Amount":10325.00000000,"Done":false},{"Time":"2019-04-02T00:20:25","Situation":"trend","Type":"ask","Price":1.34500000,"Amount":7328.45000000,"Done":false},{"Time":"2019-04-02T00:20:25","Situation":"trend","Type":"ask","Price":1.32650000,"Amount":20650.00000000,"Done":true},{"Time":"2019-04-02T00:20:25","Situation":"trend","Type":"ask","Price":1.33500000,"Amount":4530.00000000,"Done":true},{"Time":"2019-04-02T00:20:25","Situation":"trend","Type":"ask","Price":1.35000000,"Amount":5399.45000000,"Done":true},{"Time":"2019-04-02T00:20:25","Situation":"trend","Type":"ask","Price":1.35500000,"Amount":4434.50000000,"Done":true},{"Time":"2019-04-02T00:25:29","Situation":"flat","Type":"ask","Price":1.31920000,"Amount":4799.99000000,"Done":false},{"Time":"2019-04-02T00:25:29","Situation":"flat","Type":"ask","Price":1.32260000,"Amount":20650.00000000,"Done":false},{"Time":"2019-04-02T00:25:29","Situation":"flat","Type":"ask","Price":1.33770000,"Amount":10325.00000000,"Done":false},{"Time":"2019-04-02T00:25:29","Situation":"flat","Type":"ask","Price":1.34500000,"Amount":7328.45000000,"Done":false},{"Time":"2019-04-02T00:25:29","Situation":"flat","Type":"ask","Price":1.35000000,"Amount":5399.45000000,"Done":false},{"Time":"2019-04-02T00:30:29","Situation":"flat","Type":"ask","Price":1.31920000,"Amount":4300.00000000,"Done":false},{"Time":"2019-04-02T00:30:29","Situation":"flat","Type":"ask","Price":1.32260000,"Amount":20650.00000000,"Done":false},{"Time":"2019-04-02T00:30:29","Situation":"flat","Type":"ask","Price":1.33770000,"Amount":10325.00000000,"Done":false},{"Time":"2019-04-02T00:30:29","Situation":"flat","Type":"ask","Price":1.34500000,"Amount":7328.45000000,"Done":false},{"Time":"2019-04-02T00:35:30","Situation":"flat","Type":"ask","Price":1.31920000,"Amount":4300.00000000,"Done":false},{"Time":"2019-04-02T00:35:30","Situation":"flat","Type":"ask","Price":1.32260000,"Amount":20650.00000000,"Done":false},{"Time":"2019-04-02T00:35:30","Situation":"flat","Type":"ask","Price":1.33770000,"Amount":10325.00000000,"Done":false},{"Time":"2019-04-02T00:35:30","Situation":"flat","Type":"ask","Price":1.34500000,"Amount":7908.96000000,"Done":false},{"Time":"2019-04-02T00:40:30","Situation":"flat","Type":"ask","Price":1.32260000,"Amount":20650.00000000,"Done":false},{"Time":"2019-04-02T00:40:30","Situation":"flat","Type":"ask","Price":1.33770000,"Amount":10325.00000000,"Done":false},{"Time":"2019-04-02T00:40:30","Situation":"flat","Type":"ask","Price":1.34500000,"Amount":7908.96000000,"Done":false},{"Time":"2019-04-02T00:40:30","Situation":"flat","Type":"ask","Price":1.35000000,"Amount":9605.82000000,"Done":false},{"Time":"2019-04-02T00:45:34","Situation":"flat","Type":"ask","Price":1.32260000,"Amount":20650.00000000,"Done":false},{"Time":"2019-04-02T00:45:34","Situation":"flat","Type":"ask","Price":1.33770000,"Amount":10325.00000000,"Done":false},{"Time":"2019-04-02T00:45:34","Situation":"flat","Type":"ask","Price":1.34500000,"Amount":7908.96000000,"Done":false},{"Time":"2019-04-02T00:45:34","Situation":"flat","Type":"ask","Price":1.35000000,"Amount":9605.82000000,"Done":false},{"Time":"2019-04-02T00:48:44","Situation":"trend","Type":"ask","Price":1.31870000,"Amount":20650.00000000,"Done":false},{"Time":"2019-04-02T00:48:44","Situation":"trend","Type":"ask","Price":1.33770000,"Amount":10325.00000000,"Done":false},{"Time":"2019-04-02T00:48:44","Situation":"trend","Type":"ask","Price":1.34500000,"Amount":7908.96000000,"Done":false},{"Time":"2019-04-02T00:53:05","Situation":"trend","Type":"ask","Price":1.31890000,"Amount":20650.00000000,"Done":false},{"Time":"2019-04-02T00:53:05","Situation":"trend","Type":"ask","Price":1.33770000,"Amount":10325.00000000,"Done":false},{"Time":"2019-04-02T00:53:05","Situation":"trend","Type":"ask","Price":1.34500000,"Amount":7908.96000000,"Done":false},{"Time":"2019-04-02T00:53:05","Situation":"trend","Type":"ask","Price":1.35000000,"Amount":9605.82000000,"Done":false},{"Time":"2019-04-02T00:53:05","Situation":"trend","Type":"ask","Price":1.32260000,"Amount":20650.00000000,"Done":true},{"Time":"2019-04-02T00:53:55","Situation":"trend","Type":"ask","Price":1.32770000,"Amount":20673.42000000,"Done":false},{"Time":"2019-04-02T00:53:55","Situation":"trend","Type":"ask","Price":1.34500000,"Amount":7908.96000000,"Done":false},{"Time":"2019-04-02T00:53:55","Situation":"trend","Type":"ask","Price":1.34510000,"Amount":10325.00000000,"Done":false},{"Time":"2019-04-02T00:53:55","Situation":"trend","Type":"ask","Price":1.35000000,"Amount":9605.82000000,"Done":false},{"Time":"2019-04-02T00:54:15","Situation":"trend","Type":"ask","Price":1.34500000,"Amount":7908.96000000,"Done":false},{"Time":"2019-04-02T00:54:15","Situation":"trend","Type":"ask","Price":1.34510000,"Amount":10325.00000000,"Done":false},{"Time":"2019-04-02T00:54:15","Situation":"trend","Type":"ask","Price":1.35000000,"Amount":9605.82000000,"Done":false},{"Time":"2019-04-02T00:55:00","Situation":"trend","Type":"ask","Price":1.31570000,"Amount":20650.00000000,"Done":false},{"Time":"2019-04-02T00:55:00","Situation":"trend","Type":"ask","Price":1.33130000,"Amount":10325.00000000,"Done":false},{"Time":"2019-04-02T00:55:00","Situation":"trend","Type":"ask","Price":1.34500000,"Amount":7908.96000000,"Done":false},{"Time":"2019-04-02T00:55:00","Situation":"trend","Type":"ask","Price":1.35000000,"Amount":9694.41000000,"Done":false},{"Time":"2019-04-02T00:55:44","Situation":"trend","Type":"ask","Price":1.31990000,"Amount":20650.00000000,"Done":false},{"Time":"2019-04-02T00:55:44","Situation":"trend","Type":"ask","Price":1.33130000,"Amount":10325.00000000,"Done":false},{"Time":"2019-04-02T00:55:44","Situation":"trend","Type":"ask","Price":1.34500000,"Amount":7908.96000000,"Done":false},{"Time":"2019-04-02T00:59:38","Situation":"trend","Type":"ask","Price":1.31000000,"Amount":6640.03000000,"Done":false},{"Time":"2019-04-02T00:59:38","Situation":"trend","Type":"ask","Price":1.31660000,"Amount":20650.00000000,"Done":false},{"Time":"2019-04-02T00:59:38","Situation":"trend","Type":"ask","Price":1.33840000,"Amount":10349.00000000,"Done":false},{"Time":"2019-04-02T00:59:38","Situation":"trend","Type":"ask","Price":1.34500000,"Amount":7908.96000000,"Done":false},{"Time":"2019-04-02T01:02:49","Situation":"trend","Type":"ask","Price":1.31660000,"Amount":20650.00000000,"Done":false},{"Time":"2019-04-02T01:02:49","Situation":"trend","Type":"ask","Price":1.33150000,"Amount":10325.00000000,"Done":false},{"Time":"2019-04-02T01:02:49","Situation":"trend","Type":"ask","Price":1.34500000,"Amount":7908.96000000,"Done":false},{"Time":"2019-04-02T01:02:49","Situation":"trend","Type":"ask","Price":1.35000000,"Amount":9694.41000000,"Done":false},{"Time":"2019-04-02T01:07:49","Situation":"flat","Type":"ask","Price":1.31660000,"Amount":20650.00000000,"Done":false},{"Time":"2019-04-02T01:07:49","Situation":"flat","Type":"ask","Price":1.33150000,"Amount":10325.00000000,"Done":false},{"Time":"2019-04-02T01:07:49","Situation":"flat","Type":"ask","Price":1.34500000,"Amount":7908.96000000,"Done":false},{"Time":"2019-04-02T01:12:49","Situation":"flat","Type":"ask","Price":1.31660000,"Amount":20650.00000000,"Done":false},{"Time":"2019-04-02T01:12:49","Situation":"flat","Type":"ask","Price":1.33150000,"Amount":10325.00000000,"Done":false},{"Time":"2019-04-02T01:12:49","Situation":"flat","Type":"ask","Price":1.34500000,"Amount":7908.96000000,"Done":false},{"Time":"2019-04-02T01:17:53","Situation":"flat","Type":"ask","Price":1.31660000,"Amount":20650.00000000,"Done":false},{"Time":"2019-04-02T01:17:53","Situation":"flat","Type":"ask","Price":1.33150000,"Amount":10325.00000000,"Done":false},{"Time":"2019-04-02T01:22:14","Situation":"trend","Type":"ask","Price":1.31660000,"Amount":20650.00000000,"Done":false},{"Time":"2019-04-02T01:22:14","Situation":"trend","Type":"ask","Price":1.33150000,"Amount":10325.00000000,"Done":false},{"Time":"2019-04-02T01:27:15","Situation":"flat","Type":"ask","Price":1.31270000,"Amount":20650.00000000,"Done":false},{"Time":"2019-04-02T01:27:15","Situation":"flat","Type":"ask","Price":1.33150000,"Amount":10325.00000000,"Done":false},{"Time":"2019-04-02T01:31:23","Situation":"trend","Type":"ask","Price":1.31290000,"Amount":20999.31000000,"Done":false},{"Time":"2019-04-02T01:31:23","Situation":"trend","Type":"ask","Price":1.33250000,"Amount":10677.11000000,"Done":false},{"Time":"2019-04-02T01:31:23","Situation":"trend","Type":"ask","Price":1.34500000,"Amount":7908.96000000,"Done":false},{"Time":"2019-04-02T01:36:25","Situation":"flat","Type":"ask","Price":1.31730000,"Amount":20650.00000000,"Done":false},{"Time":"2019-04-02T01:36:25","Situation":"flat","Type":"ask","Price":1.33250000,"Amount":10677.11000000,"Done":false},{"Time":"2019-04-02T01:38:20","Situation":"trend","Type":"ask","Price":1.31730000,"Amount":20650.00000000,"Done":false},{"Time":"2019-04-02T01:38:20","Situation":"trend","Type":"ask","Price":1.33250000,"Amount":10677.11000000,"Done":false},{"Time":"2019-04-02T01:43:20","Situation":"flat","Type":"ask","Price":1.30950000,"Amount":21149.98000000,"Done":false},{"Time":"2019-04-02T01:43:20","Situation":"flat","Type":"ask","Price":1.32570000,"Amount":10325.00000000,"Done":false},{"Time":"2019-04-02T01:48:20","Situation":"flat","Type":"ask","Price":1.30950000,"Amount":20650.00000000,"Done":false},{"Time":"2019-04-02T01:48:20","Situation":"flat","Type":"ask","Price":1.32570000,"Amount":10325.00000000,"Done":false},{"Time":"2019-04-02T01:53:20","Situation":"flat","Type":"ask","Price":1.30950000,"Amount":20650.00000000,"Done":false},{"Time":"2019-04-02T01:53:20","Situation":"flat","Type":"ask","Price":1.32570000,"Amount":10325.00000000,"Done":false},{"Time":"2019-04-02T01:57:09","Situation":"trend","Type":"ask","Price":1.30890000,"Amount":4027.16000000,"Done":false},{"Time":"2019-04-02T01:57:09","Situation":"trend","Type":"ask","Price":1.31360000,"Amount":20660.00000000,"Done":false},{"Time":"2019-04-02T01:57:09","Situation":"trend","Type":"ask","Price":1.31650000,"Amount":6856.70000000,"Done":false},{"Time":"2019-04-02T01:57:09","Situation":"trend","Type":"ask","Price":1.32570000,"Amount":10325.00000000,"Done":false},{"Time":"2019-04-02T01:57:09","Situation":"trend","Type":"ask","Price":1.30950000,"Amount":20650.00000000,"Done":true},{"Time":"2019-04-02T02:02:10","Situation":"flat","Type":"ask","Price":1.31360000,"Amount":20660.00000000,"Done":false},{"Time":"2019-04-02T02:02:10","Situation":"flat","Type":"ask","Price":1.31650000,"Amount":6856.70000000,"Done":false},{"Time":"2019-04-02T02:02:10","Situation":"flat","Type":"ask","Price":1.33310000,"Amount":10325.00000000,"Done":false},{"Time":"2019-04-02T02:02:10","Situation":"flat","Type":"ask","Price":1.34500000,"Amount":7908.96000000,"Done":false},{"Time":"2019-04-02T02:06:55","Situation":"trend","Type":"ask","Price":1.31650000,"Amount":6856.70000000,"Done":false},{"Time":"2019-04-02T02:06:55","Situation":"trend","Type":"ask","Price":1.31810000,"Amount":20650.00000000,"Done":false},{"Time":"2019-04-02T02:06:55","Situation":"trend","Type":"ask","Price":1.33310000,"Amount":10325.00000000,"Done":false},{"Time":"2019-04-02T02:06:55","Situation":"trend","Type":"ask","Price":1.34500000,"Amount":7908.96000000,"Done":false},{"Time":"2019-04-02T02:11:55","Situation":"flat","Type":"ask","Price":1.31070000,"Amount":4011.79000000,"Done":false},{"Time":"2019-04-02T02:11:55","Situation":"flat","Type":"ask","Price":1.31650000,"Amount":6856.70000000,"Done":false},{"Time":"2019-04-02T02:11:55","Situation":"flat","Type":"ask","Price":1.31810000,"Amount":20650.00000000,"Done":false},{"Time":"2019-04-02T02:11:55","Situation":"flat","Type":"ask","Price":1.33310000,"Amount":10325.00000000,"Done":false},{"Time":"2019-04-02T02:11:55","Situation":"flat","Type":"ask","Price":1.34500000,"Amount":7908.96000000,"Done":false},{"Time":"2019-04-02T02:16:55","Situation":"flat","Type":"ask","Price":1.31650000,"Amount":6856.70000000,"Done":false},{"Time":"2019-04-02T02:16:55","Situation":"flat","Type":"ask","Price":1.31810000,"Amount":20650.00000000,"Done":false},{"Time":"2019-04-02T02:16:55","Situation":"flat","Type":"ask","Price":1.33310000,"Amount":10325.00000000,"Done":false},{"Time":"2019-04-02T02:16:55","Situation":"flat","Type":"ask","Price":1.34500000,"Amount":7908.96000000,"Done":false},{"Time":"2019-04-02T02:21:55","Situation":"flat","Type":"ask","Price":1.31420000,"Amount":20973.10000000,"Done":false},{"Time":"2019-04-02T02:21:55","Situation":"flat","Type":"ask","Price":1.31650000,"Amount":6856.70000000,"Done":false},{"Time":"2019-04-02T02:21:55","Situation":"flat","Type":"ask","Price":1.33000000,"Amount":5291.85000000,"Done":false},{"Time":"2019-04-02T02:21:55","Situation":"flat","Type":"ask","Price":1.33310000,"Amount":10325.00000000,"Done":false},{"Time":"2019-04-02T02:21:55","Situation":"flat","Type":"ask","Price":1.34500000,"Amount":7908.96000000,"Done":false},{"Time":"2019-04-02T02:21:55","Situation":"flat","Type":"ask","Price":1.35000000,"Amount":9826.29000000,"Done":false},{"Time":"2019-04-02T02:26:55","Situation":"flat","Type":"ask","Price":1.31650000,"Amount":6856.70000000,"Done":false},{"Time":"2019-04-02T02:26:55","Situation":"flat","Type":"ask","Price":1.31910000,"Amount":20650.00000000,"Done":false},{"Time":"2019-04-02T02:26:55","Situation":"flat","Type":"ask","Price":1.33000000,"Amount":5291.85000000,"Done":false},{"Time":"2019-04-02T02:26:55","Situation":"flat","Type":"ask","Price":1.33310000,"Amount":10325.00000000,"Done":false},{"Time":"2019-04-02T02:26:55","Situation":"flat","Type":"ask","Price":1.34500000,"Amount":7908.96000000,"Done":false},{"Time":"2019-04-02T02:31:55","Situation":"flat","Type":"ask","Price":1.31520000,"Amount":20650.00000000,"Done":false},{"Time":"2019-04-02T02:31:55","Situation":"flat","Type":"ask","Price":1.31650000,"Amount":6856.70000000,"Done":false},{"Time":"2019-04-02T02:31:55","Situation":"flat","Type":"ask","Price":1.33000000,"Amount":5291.85000000,"Done":false},{"Time":"2019-04-02T02:31:55","Situation":"flat","Type":"ask","Price":1.33310000,"Amount":10325.00000000,"Done":false},{"Time":"2019-04-02T02:31:55","Situation":"flat","Type":"ask","Price":1.34500000,"Amount":7908.96000000,"Done":false},{"Time":"2019-04-02T02:36:55","Situation":"flat","Type":"ask","Price":1.31520000,"Amount":20650.00000000,"Done":false},{"Time":"2019-04-02T02:36:55","Situation":"flat","Type":"ask","Price":1.31650000,"Amount":6856.70000000,"Done":false},{"Time":"2019-04-02T02:36:55","Situation":"flat","Type":"ask","Price":1.33310000,"Amount":10325.00000000,"Done":false},{"Time":"2019-04-02T02:36:55","Situation":"flat","Type":"ask","Price":1.34500000,"Amount":7908.96000000,"Done":false},{"Time":"2019-04-02T02:39:50","Situation":"trend","Type":"ask","Price":1.31130000,"Amount":20650.00000000,"Done":false},{"Time":"2019-04-02T02:39:50","Situation":"trend","Type":"ask","Price":1.31650000,"Amount":6856.70000000,"Done":false},{"Time":"2019-04-02T02:39:50","Situation":"trend","Type":"ask","Price":1.33000000,"Amount":4777.05000000,"Done":false},{"Time":"2019-04-02T02:39:50","Situation":"trend","Type":"ask","Price":1.33310000,"Amount":10325.00000000,"Done":false},{"Time":"2019-04-02T02:39:50","Situation":"trend","Type":"ask","Price":1.31520000,"Amount":20650.00000000,"Done":true},{"Time":"2019-04-02T02:39:50","Situation":"trend","Type":"ask","Price":1.34500000,"Amount":7908.96000000,"Done":true},{"Time":"2019-04-02T02:44:54","Situation":"flat","Type":"ask","Price":1.30740000,"Amount":20650.00000000,"Done":false},{"Time":"2019-04-02T02:44:54","Situation":"flat","Type":"ask","Price":1.31650000,"Amount":6856.70000000,"Done":false},{"Time":"2019-04-02T02:44:54","Situation":"flat","Type":"ask","Price":1.32630000,"Amount":10325.00000000,"Done":false},{"Time":"2019-04-02T02:44:54","Situation":"flat","Type":"ask","Price":1.33000000,"Amount":4777.05000000,"Done":false},{"Time":"2019-04-02T02:44:54","Situation":"flat","Type":"ask","Price":1.34000000,"Amount":5036.60000000,"Done":false},{"Time":"2019-04-02T02:47:44","Situation":"trend","Type":"ask","Price":1.30740000,"Amount":20650.00000000,"Done":false},{"Time":"2019-04-02T02:47:44","Situation":"trend","Type":"ask","Price":1.31650000,"Amount":6856.70000000,"Done":false},{"Time":"2019-04-02T02:47:44","Situation":"trend","Type":"ask","Price":1.32630000,"Amount":10325.00000000,"Done":false},{"Time":"2019-04-02T02:47:44","Situation":"trend","Type":"ask","Price":1.33000000,"Amount":4777.05000000,"Done":false},{"Time":"2019-04-02T02:47:44","Situation":"trend","Type":"ask","Price":1.34000000,"Amount":5036.60000000,"Done":false},{"Time":"2019-04-02T02:52:45","Situation":"flat","Type":"ask","Price":1.31180000,"Amount":20650.00000000,"Done":false},{"Time":"2019-04-02T02:52:45","Situation":"flat","Type":"ask","Price":1.31650000,"Amount":6856.70000000,"Done":false},{"Time":"2019-04-02T02:52:45","Situation":"flat","Type":"ask","Price":1.32630000,"Amount":10325.00000000,"Done":false},{"Time":"2019-04-02T02:52:45","Situation":"flat","Type":"ask","Price":1.33000000,"Amount":4777.05000000,"Done":false},{"Time":"2019-04-02T02:57:45","Situation":"flat","Type":"ask","Price":1.31180000,"Amount":20650.00000000,"Done":false},{"Time":"2019-04-02T02:57:45","Situation":"flat","Type":"ask","Price":1.31650000,"Amount":6856.70000000,"Done":false},{"Time":"2019-04-02T02:57:45","Situation":"flat","Type":"ask","Price":1.32630000,"Amount":10325.00000000,"Done":false},{"Time":"2019-04-02T02:57:45","Situation":"flat","Type":"ask","Price":1.33000000,"Amount":4777.05000000,"Done":false},{"Time":"2019-04-02T03:00:04","Situation":"trend","Type":"ask","Price":1.31180000,"Amount":20650.00000000,"Done":false},{"Time":"2019-04-02T03:00:04","Situation":"trend","Type":"ask","Price":1.31650000,"Amount":6856.70000000,"Done":false},{"Time":"2019-04-02T03:00:04","Situation":"trend","Type":"ask","Price":1.32630000,"Amount":10325.00000000,"Done":false},{"Time":"2019-04-02T03:00:04","Situation":"trend","Type":"ask","Price":1.33000000,"Amount":4777.05000000,"Done":false},{"Time":"2019-04-02T03:03:04","Situation":"trend","Type":"ask","Price":1.30400000,"Amount":20660.00000000,"Done":false},{"Time":"2019-04-02T03:03:04","Situation":"trend","Type":"ask","Price":1.31650000,"Amount":6856.70000000,"Done":false},{"Time":"2019-04-02T03:03:04","Situation":"trend","Type":"ask","Price":1.31950000,"Amount":10325.00000000,"Done":false},{"Time":"2019-04-02T03:03:04","Situation":"trend","Type":"ask","Price":1.33000000,"Amount":4777.05000000,"Done":false},{"Time":"2019-04-02T03:03:04","Situation":"trend","Type":"ask","Price":1.31180000,"Amount":20650.00000000,"Done":true},{"Time":"2019-04-02T03:03:04","Situation":"trend","Type":"ask","Price":1.32630000,"Amount":10325.00000000,"Done":true},{"Time":"2019-04-02T03:08:05","Situation":"flat","Type":"ask","Price":1.30010000,"Amount":20650.00000000,"Done":false},{"Time":"2019-04-02T03:08:05","Situation":"flat","Type":"ask","Price":1.31650000,"Amount":6856.70000000,"Done":false},{"Time":"2019-04-02T03:08:05","Situation":"flat","Type":"ask","Price":1.31950000,"Amount":10325.00000000,"Done":false},{"Time":"2019-04-02T03:08:05","Situation":"flat","Type":"ask","Price":1.33000000,"Amount":4777.05000000,"Done":false},{"Time":"2019-04-02T03:09:16","Situation":"trend","Type":"ask","Price":1.30450000,"Amount":20650.00000000,"Done":false},{"Time":"2019-04-02T03:09:16","Situation":"trend","Type":"ask","Price":1.31650000,"Amount":6856.70000000,"Done":false},{"Time":"2019-04-02T03:09:16","Situation":"trend","Type":"ask","Price":1.31950000,"Amount":10325.00000000,"Done":false},{"Time":"2019-04-02T03:09:16","Situation":"trend","Type":"ask","Price":1.33000000,"Amount":4777.05000000,"Done":false},{"Time":"2019-04-02T03:13:40","Situation":"trend","Type":"ask","Price":1.30450000,"Amount":20650.00000000,"Done":false},{"Time":"2019-04-02T03:13:40","Situation":"trend","Type":"ask","Price":1.31650000,"Amount":6856.70000000,"Done":false},{"Time":"2019-04-02T03:13:40","Situation":"trend","Type":"ask","Price":1.31950000,"Amount":10325.00000000,"Done":false},{"Time":"2019-04-02T03:13:40","Situation":"trend","Type":"ask","Price":1.33000000,"Amount":4777.05000000,"Done":false},{"Time":"2019-04-02T03:13:40","Situation":"trend","Type":"ask","Price":1.30010000,"Amount":20650.00000000,"Done":true},{"Time":"2019-04-02T03:18:43","Situation":"flat","Type":"ask","Price":1.30450000,"Amount":20650.00000000,"Done":false},{"Time":"2019-04-02T03:18:43","Situation":"flat","Type":"ask","Price":1.31650000,"Amount":6856.70000000,"Done":false},{"Time":"2019-04-02T03:18:43","Situation":"flat","Type":"ask","Price":1.31950000,"Amount":10325.00000000,"Done":false},{"Time":"2019-04-02T03:18:43","Situation":"flat","Type":"ask","Price":1.33000000,"Amount":4777.05000000,"Done":false},{"Time":"2019-04-02T03:23:45","Situation":"flat","Type":"ask","Price":1.30450000,"Amount":20650.00000000,"Done":false},{"Time":"2019-04-02T03:23:45","Situation":"flat","Type":"ask","Price":1.31650000,"Amount":6856.70000000,"Done":false},{"Time":"2019-04-02T03:23:45","Situation":"flat","Type":"ask","Price":1.31950000,"Amount":10325.00000000,"Done":false},{"Time":"2019-04-02T03:23:45","Situation":"flat","Type":"ask","Price":1.33000000,"Amount":4777.05000000,"Done":false},{"Time":"2019-04-02T03:28:46","Situation":"flat","Type":"ask","Price":1.29390000,"Amount":4022.08000000,"Done":false},{"Time":"2019-04-02T03:28:46","Situation":"flat","Type":"ask","Price":1.30060000,"Amount":21129.60000000,"Done":false},{"Time":"2019-04-02T03:28:46","Situation":"flat","Type":"ask","Price":1.31650000,"Amount":6856.70000000,"Done":false},{"Time":"2019-04-02T03:28:46","Situation":"flat","Type":"ask","Price":1.31950000,"Amount":10325.00000000,"Done":false},{"Time":"2019-04-02T03:28:46","Situation":"flat","Type":"ask","Price":1.33000000,"Amount":4777.05000000,"Done":false},{"Time":"2019-04-02T03:32:15","Situation":"trend","Type":"ask","Price":1.30060000,"Amount":21129.60000000,"Done":false},{"Time":"2019-04-02T03:32:15","Situation":"trend","Type":"ask","Price":1.31650000,"Amount":6856.70000000,"Done":false},{"Time":"2019-04-02T03:32:15","Situation":"trend","Type":"ask","Price":1.31950000,"Amount":10325.00000000,"Done":false},{"Time":"2019-04-02T03:32:15","Situation":"trend","Type":"ask","Price":1.33000000,"Amount":4777.05000000,"Done":false},{"Time":"2019-04-02T03:37:15","Situation":"flat","Type":"ask","Price":1.29670000,"Amount":20650.00000000,"Done":false},{"Time":"2019-04-02T03:37:15","Situation":"flat","Type":"ask","Price":1.31270000,"Amount":10325.00000000,"Done":false},{"Time":"2019-04-02T03:37:15","Situation":"flat","Type":"ask","Price":1.31650000,"Amount":6856.70000000,"Done":false},{"Time":"2019-04-02T03:37:15","Situation":"flat","Type":"ask","Price":1.33000000,"Amount":4777.05000000,"Done":false},{"Time":"2019-04-02T03:42:19","Situation":"flat","Type":"ask","Price":1.28870000,"Amount":4011.54000000,"Done":false},{"Time":"2019-04-02T03:42:19","Situation":"flat","Type":"ask","Price":1.29670000,"Amount":20650.00000000,"Done":false},{"Time":"2019-04-02T03:42:19","Situation":"flat","Type":"ask","Price":1.31200000,"Amount":9055.34000000,"Done":false},{"Time":"2019-04-02T03:42:19","Situation":"flat","Type":"ask","Price":1.31270000,"Amount":10325.00000000,"Done":false},{"Time":"2019-04-02T03:47:20","Situation":"flat","Type":"ask","Price":1.29670000,"Amount":20650.00000000,"Done":false},{"Time":"2019-04-02T03:47:20","Situation":"flat","Type":"ask","Price":1.31200000,"Amount":9055.34000000,"Done":false},{"Time":"2019-04-02T03:47:20","Situation":"flat","Type":"ask","Price":1.31270000,"Amount":10325.00000000,"Done":false},{"Time":"2019-04-02T03:48:40","Situation":"trend","Type":"ask","Price":1.29290000,"Amount":20668.90000000,"Done":false},{"Time":"2019-04-02T03:48:40","Situation":"trend","Type":"ask","Price":1.31200000,"Amount":9055.34000000,"Done":false},{"Time":"2019-04-02T03:48:40","Situation":"trend","Type":"ask","Price":1.31270000,"Amount":10325.00000000,"Done":false},{"Time":"2019-04-02T03:53:40","Situation":"flat","Type":"ask","Price":1.29290000,"Amount":20668.90000000,"Done":false},{"Time":"2019-04-02T03:53:40","Situation":"flat","Type":"ask","Price":1.31200000,"Amount":9055.34000000,"Done":false},{"Time":"2019-04-02T03:53:40","Situation":"flat","Type":"ask","Price":1.31270000,"Amount":10325.00000000,"Done":false},{"Time":"2019-04-02T03:56:50","Situation":"trend","Type":"ask","Price":1.28910000,"Amount":20650.00000000,"Done":false},{"Time":"2019-04-02T03:56:50","Situation":"trend","Type":"ask","Price":1.30600000,"Amount":10325.00000000,"Done":false},{"Time":"2019-04-02T03:56:50","Situation":"trend","Type":"ask","Price":1.31200000,"Amount":9055.34000000,"Done":false},{"Time":"2019-04-02T04:01:10","Situation":"trend","Type":"ask","Price":1.29120000,"Amount":20672.61000000,"Done":false},{"Time":"2019-04-02T04:01:10","Situation":"trend","Type":"ask","Price":1.30600000,"Amount":10325.00000000,"Done":false},{"Time":"2019-04-02T04:01:10","Situation":"trend","Type":"ask","Price":1.31200000,"Amount":9055.34000000,"Done":false},{"Time":"2019-04-02T04:01:10","Situation":"trend","Type":"ask","Price":1.29290000,"Amount":20668.90000000,"Done":true},{"Time":"2019-04-02T04:01:10","Situation":"trend","Type":"ask","Price":1.31270000,"Amount":10325.00000000,"Done":true},{"Time":"2019-04-02T04:01:55","Situation":"trend","Type":"ask","Price":1.29120000,"Amount":20664.77000000,"Done":false},{"Time":"2019-04-02T04:01:55","Situation":"trend","Type":"ask","Price":1.30600000,"Amount":10325.00000000,"Done":false},{"Time":"2019-04-02T04:01:55","Situation":"trend","Type":"ask","Price":1.31200000,"Amount":9055.34000000,"Done":false},{"Time":"2019-04-02T04:03:05","Situation":"trend","Type":"ask","Price":1.29150000,"Amount":20650.00000000,"Done":false},{"Time":"2019-04-02T04:03:05","Situation":"trend","Type":"ask","Price":1.30600000,"Amount":10325.00000000,"Done":false},{"Time":"2019-04-02T04:03:05","Situation":"trend","Type":"ask","Price":1.31200000,"Amount":9055.34000000,"Done":false},{"Time":"2019-04-02T04:08:09","Situation":"flat","Type":"ask","Price":1.29150000,"Amount":21000.30000000,"Done":false},{"Time":"2019-04-02T04:08:09","Situation":"flat","Type":"ask","Price":1.30600000,"Amount":10325.00000000,"Done":false},{"Time":"2019-04-02T04:08:09","Situation":"flat","Type":"ask","Price":1.31200000,"Amount":9055.34000000,"Done":false},{"Time":"2019-04-02T04:11:24","Situation":"trend","Type":"ask","Price":1.29150000,"Amount":21000.30000000,"Done":false},{"Time":"2019-04-02T04:11:24","Situation":"trend","Type":"ask","Price":1.30600000,"Amount":10325.00000000,"Done":false},{"Time":"2019-04-02T04:11:24","Situation":"trend","Type":"ask","Price":1.31200000,"Amount":9055.34000000,"Done":false},{"Time":"2019-04-02T04:16:25","Situation":"flat","Type":"ask","Price":1.29560000,"Amount":20650.00000000,"Done":false},{"Time":"2019-04-02T04:16:25","Situation":"flat","Type":"ask","Price":1.31200000,"Amount":9055.34000000,"Done":false},{"Time":"2019-04-02T04:16:25","Situation":"flat","Type":"ask","Price":1.31310000,"Amount":10325.00000000,"Done":false},{"Time":"2019-04-02T04:21:29","Situation":"flat","Type":"ask","Price":1.29560000,"Amount":20650.00000000,"Done":false},{"Time":"2019-04-02T04:21:29","Situation":"flat","Type":"ask","Price":1.31200000,"Amount":9055.34000000,"Done":false},{"Time":"2019-04-02T04:21:29","Situation":"flat","Type":"ask","Price":1.31310000,"Amount":10325.00000000,"Done":false},{"Time":"2019-04-02T04:26:30","Situation":"flat","Type":"ask","Price":1.29560000,"Amount":20650.00000000,"Done":false},{"Time":"2019-04-02T04:26:30","Situation":"flat","Type":"ask","Price":1.31200000,"Amount":9055.34000000,"Done":false},{"Time":"2019-04-02T04:26:30","Situation":"flat","Type":"ask","Price":1.31310000,"Amount":10273.00000000,"Done":false},{"Time":"2019-04-02T04:30:05","Situation":"trend","Type":"ask","Price":1.29970000,"Amount":20650.00000000,"Done":false},{"Time":"2019-04-02T04:30:05","Situation":"trend","Type":"ask","Price":1.31200000,"Amount":9055.34000000,"Done":false},{"Time":"2019-04-02T04:30:05","Situation":"trend","Type":"ask","Price":1.31310000,"Amount":10273.00000000,"Done":false},{"Time":"2019-04-02T04:30:05","Situation":"trend","Type":"ask","Price":1.33000000,"Amount":4777.05000000,"Done":false},{"Time":"2019-04-02T04:32:14","Situation":"trend","Type":"ask","Price":1.31200000,"Amount":9055.34000000,"Done":false},{"Time":"2019-04-02T04:32:14","Situation":"trend","Type":"ask","Price":1.32000000,"Amount":11042.73000000,"Done":false},{"Time":"2019-04-02T04:32:14","Situation":"trend","Type":"ask","Price":1.33000000,"Amount":4777.05000000,"Done":false},{"Time":"2019-04-02T04:32:14","Situation":"trend","Type":"ask","Price":1.29560000,"Amount":20650.00000000,"Done":true},{"Time":"2019-04-02T04:32:14","Situation":"trend","Type":"ask","Price":1.31310000,"Amount":10273.00000000,"Done":true},{"Time":"2019-04-02T04:32:49","Situation":"trend","Type":"ask","Price":1.31200000,"Amount":9055.34000000,"Done":false},{"Time":"2019-04-02T04:32:49","Situation":"trend","Type":"ask","Price":1.32000000,"Amount":11285.96000000,"Done":false},{"Time":"2019-04-02T04:32:49","Situation":"trend","Type":"ask","Price":1.33000000,"Amount":4777.05000000,"Done":false},{"Time":"2019-04-02T04:32:49","Situation":"trend","Type":"ask","Price":1.34000000,"Amount":20617.83000000,"Done":false},{"Time":"2019-04-02T04:32:49","Situation":"trend","Type":"ask","Price":1.34500000,"Amount":9821.37000000,"Done":false},{"Time":"2019-04-02T04:33:09","Situation":"trend","Type":"ask","Price":1.32000000,"Amount":12942.73000000,"Done":false},{"Time":"2019-04-02T04:33:09","Situation":"trend","Type":"ask","Price":1.33000000,"Amount":4477.35000000,"Done":false},{"Time":"2019-04-02T04:33:09","Situation":"trend","Type":"ask","Price":1.34000000,"Amount":20617.83000000,"Done":false},{"Time":"2019-04-02T04:33:09","Situation":"trend","Type":"ask","Price":1.34500000,"Amount":9821.37000000,"Done":false},{"Time":"2019-04-02T04:33:09","Situation":"trend","Type":"ask","Price":1.35000000,"Amount":9710.76000000,"Done":false},{"Time":"2019-04-02T04:33:09","Situation":"trend","Type":"ask","Price":1.36000000,"Amount":12335.63000000,"Done":false},{"Time":"2019-04-02T04:33:54","Situation":"trend","Type":"ask","Price":1.33000000,"Amount":4477.35000000,"Done":false},{"Time":"2019-04-02T04:33:54","Situation":"trend","Type":"ask","Price":1.34000000,"Amount":22617.83000000,"Done":false},{"Time":"2019-04-02T04:33:54","Situation":"trend","Type":"ask","Price":1.34500000,"Amount":7908.96000000,"Done":false},{"Time":"2019-04-02T04:33:54","Situation":"trend","Type":"ask","Price":1.35000000,"Amount":9710.76000000,"Done":false},{"Time":"2019-04-02T04:33:54","Situation":"trend","Type":"ask","Price":1.36000000,"Amount":12352.61000000,"Done":false},{"Time":"2019-04-02T04:35:19","Situation":"trend","Type":"ask","Price":1.33000000,"Amount":5171.58000000,"Done":false},{"Time":"2019-04-02T04:35:19","Situation":"trend","Type":"ask","Price":1.34000000,"Amount":20617.83000000,"Done":false},{"Time":"2019-04-02T04:35:19","Situation":"trend","Type":"ask","Price":1.34500000,"Amount":7908.96000000,"Done":false},{"Time":"2019-04-02T04:35:19","Situation":"trend","Type":"ask","Price":1.35000000,"Amount":9701.67000000,"Done":false},{"Time":"2019-04-02T04:35:19","Situation":"trend","Type":"ask","Price":1.35230000,"Amount":20650.00000000,"Done":false},{"Time":"2019-04-02T04:35:19","Situation":"trend","Type":"ask","Price":1.36000000,"Amount":12352.61000000,"Done":false},{"Time":"2019-04-02T04:35:19","Situation":"trend","Type":"ask","Price":1.37000000,"Amount":32182.16000000,"Done":false},{"Time":"2019-04-02T04:36:44","Situation":"trend","Type":"ask","Price":1.34000000,"Amount":21136.39000000,"Done":false},{"Time":"2019-04-02T04:36:44","Situation":"trend","Type":"ask","Price":1.34500000,"Amount":7908.96000000,"Done":false},{"Time":"2019-04-02T04:36:44","Situation":"trend","Type":"ask","Price":1.35000000,"Amount":9701.67000000,"Done":false},{"Time":"2019-04-02T04:36:44","Situation":"trend","Type":"ask","Price":1.35500000,"Amount":5647.53000000,"Done":false},{"Time":"2019-04-02T04:36:44","Situation":"trend","Type":"ask","Price":1.36000000,"Amount":12352.61000000,"Done":false},{"Time":"2019-04-02T04:36:44","Situation":"trend","Type":"ask","Price":1.37000000,"Amount":32182.16000000,"Done":false},{"Time":"2019-04-02T04:37:29","Situation":"trend","Type":"ask","Price":1.34000000,"Amount":21636.38000000,"Done":false},{"Time":"2019-04-02T04:37:29","Situation":"trend","Type":"ask","Price":1.34500000,"Amount":7908.96000000,"Done":false},{"Time":"2019-04-02T04:37:29","Situation":"trend","Type":"ask","Price":1.35000000,"Amount":9499.29000000,"Done":false},{"Time":"2019-04-02T04:37:29","Situation":"trend","Type":"ask","Price":1.36000000,"Amount":12352.61000000,"Done":false},{"Time":"2019-04-02T04:37:29","Situation":"trend","Type":"ask","Price":1.37000000,"Amount":32182.16000000,"Done":false},{"Time":"2019-04-02T04:37:29","Situation":"trend","Type":"ask","Price":1.37500000,"Amount":7511.12000000,"Done":false},{"Time":"2019-04-02T04:39:19","Situation":"trend","Type":"ask","Price":1.34000000,"Amount":21136.39000000,"Done":false},{"Time":"2019-04-02T04:39:19","Situation":"trend","Type":"ask","Price":1.34500000,"Amount":9908.96000000,"Done":false},{"Time":"2019-04-02T04:39:19","Situation":"trend","Type":"ask","Price":1.35000000,"Amount":9334.74000000,"Done":false},{"Time":"2019-04-02T04:39:19","Situation":"trend","Type":"ask","Price":1.35500000,"Amount":5512.12000000,"Done":false},{"Time":"2019-04-02T04:39:19","Situation":"trend","Type":"ask","Price":1.36000000,"Amount":12352.61000000,"Done":false},{"Time":"2019-04-02T04:39:19","Situation":"trend","Type":"ask","Price":1.37000000,"Amount":30798.71000000,"Done":false},{"Time":"2019-04-02T04:39:19","Situation":"trend","Type":"ask","Price":1.37500000,"Amount":7511.12000000,"Done":false},{"Time":"2019-04-02T04:39:19","Situation":"trend","Type":"ask","Price":1.38000000,"Amount":19605.12000000,"Done":false},{"Time":"2019-04-02T04:43:14","Situation":"trend","Type":"ask","Price":1.32880000,"Amount":6318.40000000,"Done":false},{"Time":"2019-04-02T04:43:14","Situation":"trend","Type":"ask","Price":1.33000000,"Amount":13862.33000000,"Done":false},{"Time":"2019-04-02T04:43:14","Situation":"trend","Type":"ask","Price":1.34000000,"Amount":20023.34000000,"Done":false},{"Time":"2019-04-02T04:43:14","Situation":"trend","Type":"ask","Price":1.34500000,"Amount":7908.96000000,"Done":false},{"Time":"2019-04-02T04:43:14","Situation":"trend","Type":"ask","Price":1.34940000,"Amount":20650.00000000,"Done":false},{"Time":"2019-04-02T04:43:14","Situation":"trend","Type":"ask","Price":1.35000000,"Amount":9334.74000000,"Done":false},{"Time":"2019-04-02T04:43:14","Situation":"trend","Type":"ask","Price":1.35500000,"Amount":5512.12000000,"Done":false},{"Time":"2019-04-02T04:43:14","Situation":"trend","Type":"ask","Price":1.36000000,"Amount":12352.61000000,"Done":false},{"Time":"2019-04-02T04:43:14","Situation":"trend","Type":"ask","Price":1.37000000,"Amount":30499.01000000,"Done":false},{"Time":"2019-04-02T04:43:14","Situation":"trend","Type":"ask","Price":1.37500000,"Amount":7511.12000000,"Done":false},{"Time":"2019-04-02T04:44:29","Situation":"trend","Type":"ask","Price":1.33570000,"Amount":7279.95000000,"Done":false},{"Time":"2019-04-02T04:44:29","Situation":"trend","Type":"ask","Price":1.33800000,"Amount":4812.17000000,"Done":false},{"Time":"2019-04-02T04:44:29","Situation":"trend","Type":"ask","Price":1.34000000,"Amount":16121.65000000,"Done":false},{"Time":"2019-04-02T04:44:29","Situation":"trend","Type":"ask","Price":1.34500000,"Amount":7908.96000000,"Done":false},{"Time":"2019-04-02T04:44:29","Situation":"trend","Type":"ask","Price":1.34540000,"Amount":20650.00000000,"Done":false},{"Time":"2019-04-02T04:44:29","Situation":"trend","Type":"ask","Price":1.35000000,"Amount":9334.74000000,"Done":false},{"Time":"2019-04-02T04:44:29","Situation":"trend","Type":"ask","Price":1.36000000,"Amount":12352.61000000,"Done":false},{"Time":"2019-04-02T04:44:29","Situation":"trend","Type":"ask","Price":1.37000000,"Amount":30499.01000000,"Done":false},{"Time":"2019-04-02T04:44:29","Situation":"trend","Type":"ask","Price":1.37500000,"Amount":7511.12000000,"Done":false},{"Time":"2019-04-02T04:46:04","Situation":"trend","Type":"ask","Price":1.33100000,"Amount":9078.87000000,"Done":false},{"Time":"2019-04-02T04:46:04","Situation":"trend","Type":"ask","Price":1.33560000,"Amount":20650.00000000,"Done":false},{"Time":"2019-04-02T04:46:04","Situation":"trend","Type":"ask","Price":1.33800000,"Amount":4474.27000000,"Done":false},{"Time":"2019-04-02T04:46:04","Situation":"trend","Type":"ask","Price":1.34000000,"Amount":15958.34000000,"Done":false},{"Time":"2019-04-02T04:46:04","Situation":"trend","Type":"ask","Price":1.34500000,"Amount":7908.96000000,"Done":false},{"Time":"2019-04-02T04:46:04","Situation":"trend","Type":"ask","Price":1.35000000,"Amount":9916.53000000,"Done":false},{"Time":"2019-04-02T04:46:04","Situation":"trend","Type":"ask","Price":1.35870000,"Amount":10325.00000000,"Done":false},{"Time":"2019-04-02T04:46:04","Situation":"trend","Type":"ask","Price":1.36000000,"Amount":12885.08000000,"Done":false},{"Time":"2019-04-02T04:46:04","Situation":"trend","Type":"ask","Price":1.37000000,"Amount":30499.01000000,"Done":false},{"Time":"2019-04-02T04:49:37","Situation":"trend","Type":"ask","Price":1.33100000,"Amount":8317.78000000,"Done":false},{"Time":"2019-04-02T04:49:37","Situation":"trend","Type":"ask","Price":1.33840000,"Amount":20674.00000000,"Done":false},{"Time":"2019-04-02T04:49:37","Situation":"trend","Type":"ask","Price":1.34500000,"Amount":7908.96000000,"Done":false},{"Time":"2019-04-02T04:49:37","Situation":"trend","Type":"ask","Price":1.35000000,"Amount":9916.53000000,"Done":false},{"Time":"2019-04-02T04:49:37","Situation":"trend","Type":"ask","Price":1.36000000,"Amount":12885.08000000,"Done":false},{"Time":"2019-04-02T04:51:44","Situation":"trend","Type":"ask","Price":1.34500000,"Amount":7908.96000000,"Done":false},{"Time":"2019-04-02T04:51:44","Situation":"trend","Type":"ask","Price":1.35000000,"Amount":10316.13000000,"Done":false},{"Time":"2019-04-02T04:51:44","Situation":"trend","Type":"ask","Price":1.36000000,"Amount":12885.08000000,"Done":false},{"Time":"2019-04-02T04:51:44","Situation":"trend","Type":"ask","Price":1.36750000,"Amount":20650.00000000,"Done":false},{"Time":"2019-04-02T04:51:44","Situation":"trend","Type":"ask","Price":1.37000000,"Amount":30499.01000000,"Done":false},{"Time":"2019-04-02T04:51:44","Situation":"trend","Type":"ask","Price":1.37500000,"Amount":7661.06000000,"Done":false},{"Time":"2019-04-02T04:51:44","Situation":"trend","Type":"ask","Price":1.38000000,"Amount":20120.81000000,"Done":false},{"Time":"2019-04-02T04:52:59","Situation":"trend","Type":"ask","Price":1.34500000,"Amount":5109.47000000,"Done":false},{"Time":"2019-04-02T04:52:59","Situation":"trend","Type":"ask","Price":1.35000000,"Amount":10316.13000000,"Done":false},{"Time":"2019-04-02T04:52:59","Situation":"trend","Type":"ask","Price":1.36000000,"Amount":12885.08000000,"Done":false},{"Time":"2019-04-02T04:52:59","Situation":"trend","Type":"ask","Price":1.37000000,"Amount":30499.01000000,"Done":false},{"Time":"2019-04-02T04:52:59","Situation":"trend","Type":"ask","Price":1.37500000,"Amount":7511.12000000,"Done":false},{"Time":"2019-04-02T04:52:59","Situation":"trend","Type":"ask","Price":1.38000000,"Amount":20120.81000000,"Done":false},{"Time":"2019-04-02T04:52:59","Situation":"trend","Type":"ask","Price":1.38700000,"Amount":14815.01000000,"Done":false},{"Time":"2019-04-02T04:52:59","Situation":"trend","Type":"ask","Price":1.39000000,"Amount":23172.60000000,"Done":false},{"Time":"2019-04-02T04:55:14","Situation":"trend","Type":"ask","Price":1.35000000,"Amount":10357.42000000,"Done":false},{"Time":"2019-04-02T04:55:14","Situation":"trend","Type":"ask","Price":1.35880000,"Amount":4871.16000000,"Done":false},{"Time":"2019-04-02T04:55:14","Situation":"trend","Type":"ask","Price":1.36000000,"Amount":8885.08000000,"Done":false},{"Time":"2019-04-02T04:55:14","Situation":"trend","Type":"ask","Price":1.37000000,"Amount":30499.01000000,"Done":false},{"Time":"2019-04-02T04:55:14","Situation":"trend","Type":"ask","Price":1.37500000,"Amount":7511.12000000,"Done":false},{"Time":"2019-04-02T04:55:14","Situation":"trend","Type":"ask","Price":1.38000000,"Amount":20120.81000000,"Done":false},{"Time":"2019-04-02T04:55:14","Situation":"trend","Type":"ask","Price":1.38700000,"Amount":14815.01000000,"Done":false},{"Time":"2019-04-02T04:55:14","Situation":"trend","Type":"ask","Price":1.39000000,"Amount":23272.60000000,"Done":false},{"Time":"2019-04-02T04:56:49","Situation":"trend","Type":"ask","Price":1.35880000,"Amount":4871.16000000,"Done":false},{"Time":"2019-04-02T04:56:49","Situation":"trend","Type":"ask","Price":1.36000000,"Amount":8885.08000000,"Done":false},{"Time":"2019-04-02T04:56:49","Situation":"trend","Type":"ask","Price":1.37000000,"Amount":30499.01000000,"Done":false},{"Time":"2019-04-02T04:56:49","Situation":"trend","Type":"ask","Price":1.37500000,"Amount":7511.12000000,"Done":false},{"Time":"2019-04-02T04:56:49","Situation":"trend","Type":"ask","Price":1.38000000,"Amount":20120.81000000,"Done":false},{"Time":"2019-04-02T04:56:49","Situation":"trend","Type":"ask","Price":1.38700000,"Amount":14815.01000000,"Done":false},{"Time":"2019-04-02T04:56:49","Situation":"trend","Type":"ask","Price":1.39000000,"Amount":23272.60000000,"Done":false},{"Time":"2019-04-02T04:57:04","Situation":"trend","Type":"ask","Price":1.35880000,"Amount":4871.16000000,"Done":false},{"Time":"2019-04-02T04:57:04","Situation":"trend","Type":"ask","Price":1.36000000,"Amount":8885.08000000,"Done":false},{"Time":"2019-04-02T04:57:04","Situation":"trend","Type":"ask","Price":1.37000000,"Amount":30499.01000000,"Done":false},{"Time":"2019-04-02T04:57:04","Situation":"trend","Type":"ask","Price":1.37500000,"Amount":7511.12000000,"Done":false},{"Time":"2019-04-02T04:57:04","Situation":"trend","Type":"ask","Price":1.38000000,"Amount":20228.30000000,"Done":false},{"Time":"2019-04-02T04:57:04","Situation":"trend","Type":"ask","Price":1.38700000,"Amount":14815.01000000,"Done":false},{"Time":"2019-04-02T04:57:04","Situation":"trend","Type":"ask","Price":1.39000000,"Amount":23272.60000000,"Done":false},{"Time":"2019-04-02T04:57:04","Situation":"trend","Type":"ask","Price":1.39230000,"Amount":20650.00000000,"Done":false},{"Time":"2019-04-02T04:57:34","Situation":"trend","Type":"ask","Price":1.35880000,"Amount":4871.16000000,"Done":false},{"Time":"2019-04-02T04:57:34","Situation":"trend","Type":"ask","Price":1.36000000,"Amount":8885.08000000,"Done":false},{"Time":"2019-04-02T04:57:34","Situation":"trend","Type":"ask","Price":1.37000000,"Amount":30499.01000000,"Done":false},{"Time":"2019-04-02T04:57:34","Situation":"trend","Type":"ask","Price":1.37350000,"Amount":20650.00000000,"Done":false},{"Time":"2019-04-02T04:57:34","Situation":"trend","Type":"ask","Price":1.37500000,"Amount":7511.12000000,"Done":false},{"Time":"2019-04-02T04:57:34","Situation":"trend","Type":"ask","Price":1.38000000,"Amount":20228.30000000,"Done":false},{"Time":"2019-04-02T04:57:34","Situation":"trend","Type":"ask","Price":1.38700000,"Amount":14815.01000000,"Done":false},{"Time":"2019-04-02T04:57:34","Situation":"trend","Type":"ask","Price":1.39000000,"Amount":23272.60000000,"Done":false},{"Time":"2019-04-02T04:58:35","Situation":"trend","Type":"ask","Price":1.34440000,"Amount":4391.71000000,"Done":false},{"Time":"2019-04-02T04:58:35","Situation":"trend","Type":"ask","Price":1.35000000,"Amount":6067.92000000,"Done":false},{"Time":"2019-04-02T04:58:35","Situation":"trend","Type":"ask","Price":1.35880000,"Amount":4871.16000000,"Done":false},{"Time":"2019-04-02T04:58:35","Situation":"trend","Type":"ask","Price":1.36000000,"Amount":8859.10000000,"Done":false},{"Time":"2019-04-02T04:58:35","Situation":"trend","Type":"ask","Price":1.36740000,"Amount":20650.00000000,"Done":false},{"Time":"2019-04-02T04:58:35","Situation":"trend","Type":"ask","Price":1.37000000,"Amount":35476.48000000,"Done":false},{"Time":"2019-04-02T04:58:35","Situation":"trend","Type":"ask","Price":1.37500000,"Amount":7511.12000000,"Done":false},{"Time":"2019-04-02T04:58:35","Situation":"trend","Type":"ask","Price":1.38000000,"Amount":20120.81000000,"Done":false},{"Time":"2019-04-02T04:58:35","Situation":"trend","Type":"ask","Price":1.38700000,"Amount":14815.01000000,"Done":false},{"Time":"2019-04-02T04:58:35","Situation":"trend","Type":"ask","Price":1.39000000,"Amount":23272.60000000,"Done":false},{"Time":"2019-04-02T04:59:55","Situation":"trend","Type":"ask","Price":1.36000000,"Amount":8859.10000000,"Done":false},{"Time":"2019-04-02T04:59:55","Situation":"trend","Type":"ask","Price":1.37000000,"Amount":35476.48000000,"Done":false},{"Time":"2019-04-02T04:59:55","Situation":"trend","Type":"ask","Price":1.37360000,"Amount":20650.00000000,"Done":false},{"Time":"2019-04-02T04:59:55","Situation":"trend","Type":"ask","Price":1.37500000,"Amount":7511.12000000,"Done":false},{"Time":"2019-04-02T04:59:55","Situation":"trend","Type":"ask","Price":1.38000000,"Amount":20120.81000000,"Done":false},{"Time":"2019-04-02T04:59:55","Situation":"trend","Type":"ask","Price":1.38700000,"Amount":14815.01000000,"Done":false},{"Time":"2019-04-02T04:59:55","Situation":"trend","Type":"ask","Price":1.39000000,"Amount":23272.60000000,"Done":false},{"Time":"2019-04-02T05:02:14","Situation":"trend","Type":"ask","Price":1.33380000,"Amount":9284.31000000,"Done":false},{"Time":"2019-04-02T05:02:14","Situation":"trend","Type":"ask","Price":1.33770000,"Amount":9126.25000000,"Done":false},{"Time":"2019-04-02T05:02:14","Situation":"trend","Type":"ask","Price":1.35880000,"Amount":34871.16000000,"Done":false},{"Time":"2019-04-02T05:02:14","Situation":"trend","Type":"ask","Price":1.36000000,"Amount":8859.10000000,"Done":false},{"Time":"2019-04-02T05:02:14","Situation":"trend","Type":"ask","Price":1.37000000,"Amount":30499.01000000,"Done":false},{"Time":"2019-04-02T05:02:14","Situation":"trend","Type":"ask","Price":1.37500000,"Amount":7511.12000000,"Done":false},{"Time":"2019-04-02T05:02:14","Situation":"trend","Type":"ask","Price":1.38000000,"Amount":20620.81000000,"Done":false},{"Time":"2019-04-02T05:02:14","Situation":"trend","Type":"ask","Price":1.38330000,"Amount":20650.00000000,"Done":false},{"Time":"2019-04-02T05:02:14","Situation":"trend","Type":"ask","Price":1.38700000,"Amount":14815.01000000,"Done":false},{"Time":"2019-04-02T05:02:49","Situation":"trend","Type":"ask","Price":1.33770000,"Amount":9126.25000000,"Done":false},{"Time":"2019-04-02T05:02:49","Situation":"trend","Type":"ask","Price":1.34000000,"Amount":6739.58000000,"Done":false},{"Time":"2019-04-02T05:02:49","Situation":"trend","Type":"ask","Price":1.35880000,"Amount":34871.16000000,"Done":false},{"Time":"2019-04-02T05:02:49","Situation":"trend","Type":"ask","Price":1.36000000,"Amount":8413.51000000,"Done":false},{"Time":"2019-04-02T05:02:49","Situation":"trend","Type":"ask","Price":1.37000000,"Amount":30499.01000000,"Done":false},{"Time":"2019-04-02T05:02:49","Situation":"trend","Type":"ask","Price":1.37500000,"Amount":7511.12000000,"Done":false},{"Time":"2019-04-02T05:02:49","Situation":"trend","Type":"ask","Price":1.38000000,"Amount":20620.81000000,"Done":false},{"Time":"2019-04-02T05:02:49","Situation":"trend","Type":"ask","Price":1.38330000,"Amount":20650.00000000,"Done":false},{"Time":"2019-04-02T05:02:49","Situation":"trend","Type":"ask","Price":1.38700000,"Amount":14815.01000000,"Done":false},{"Time":"2019-04-02T05:02:49","Situation":"trend","Type":"ask","Price":1.39000000,"Amount":23272.60000000,"Done":false},{"Time":"2019-04-02T05:03:24","Situation":"trend","Type":"ask","Price":1.35500000,"Amount":10812.17000000,"Done":false},{"Time":"2019-04-02T05:03:24","Situation":"trend","Type":"ask","Price":1.35880000,"Amount":34871.16000000,"Done":false},{"Time":"2019-04-02T05:03:24","Situation":"trend","Type":"ask","Price":1.36000000,"Amount":8413.51000000,"Done":false},{"Time":"2019-04-02T05:03:24","Situation":"trend","Type":"ask","Price":1.37000000,"Amount":30499.01000000,"Done":false},{"Time":"2019-04-02T05:03:24","Situation":"trend","Type":"ask","Price":1.37500000,"Amount":7511.12000000,"Done":false},{"Time":"2019-04-02T05:03:24","Situation":"trend","Type":"ask","Price":1.38000000,"Amount":29012.13000000,"Done":false},{"Time":"2019-04-02T05:03:24","Situation":"trend","Type":"ask","Price":1.38600000,"Amount":20650.00000000,"Done":false},{"Time":"2019-04-02T05:03:24","Situation":"trend","Type":"ask","Price":1.38700000,"Amount":14815.01000000,"Done":false},{"Time":"2019-04-02T05:03:24","Situation":"trend","Type":"ask","Price":1.39000000,"Amount":23272.60000000,"Done":false},{"Time":"2019-04-02T05:04:34","Situation":"trend","Type":"ask","Price":1.35500000,"Amount":10812.17000000,"Done":false},{"Time":"2019-04-02T05:04:34","Situation":"trend","Type":"ask","Price":1.35880000,"Amount":34871.16000000,"Done":false},{"Time":"2019-04-02T05:04:34","Situation":"trend","Type":"ask","Price":1.36000000,"Amount":10413.51000000,"Done":false},{"Time":"2019-04-02T05:04:34","Situation":"trend","Type":"ask","Price":1.37000000,"Amount":30499.01000000,"Done":false},{"Time":"2019-04-02T05:04:34","Situation":"trend","Type":"ask","Price":1.37500000,"Amount":7511.12000000,"Done":false},{"Time":"2019-04-02T05:04:34","Situation":"trend","Type":"ask","Price":1.38000000,"Amount":27768.17000000,"Done":false},{"Time":"2019-04-02T05:04:34","Situation":"trend","Type":"ask","Price":1.38700000,"Amount":14815.01000000,"Done":false},{"Time":"2019-04-02T05:04:34","Situation":"trend","Type":"ask","Price":1.39000000,"Amount":23272.60000000,"Done":false},{"Time":"2019-04-02T05:05:40","Situation":"trend","Type":"ask","Price":1.35500000,"Amount":10812.17000000,"Done":false},{"Time":"2019-04-02T05:05:40","Situation":"trend","Type":"ask","Price":1.35880000,"Amount":34871.16000000,"Done":false},{"Time":"2019-04-02T05:05:40","Situation":"trend","Type":"ask","Price":1.36000000,"Amount":8413.51000000,"Done":false},{"Time":"2019-04-02T05:05:40","Situation":"trend","Type":"ask","Price":1.37000000,"Amount":30499.01000000,"Done":false},{"Time":"2019-04-02T05:05:40","Situation":"trend","Type":"ask","Price":1.37500000,"Amount":7511.12000000,"Done":false},{"Time":"2019-04-02T05:05:40","Situation":"trend","Type":"ask","Price":1.38000000,"Amount":27768.17000000,"Done":false},{"Time":"2019-04-02T05:05:40","Situation":"trend","Type":"ask","Price":1.38400000,"Amount":20650.00000000,"Done":false},{"Time":"2019-04-02T05:05:40","Situation":"trend","Type":"ask","Price":1.38700000,"Amount":14815.01000000,"Done":false},{"Time":"2019-04-02T05:05:40","Situation":"trend","Type":"ask","Price":1.39000000,"Amount":23272.60000000,"Done":false},{"Time":"2019-04-02T05:10:40","Situation":"flat","Type":"ask","Price":1.35000000,"Amount":6562.07000000,"Done":false},{"Time":"2019-04-02T05:10:40","Situation":"flat","Type":"ask","Price":1.35500000,"Amount":11111.87000000,"Done":false},{"Time":"2019-04-02T05:10:40","Situation":"flat","Type":"ask","Price":1.35880000,"Amount":34871.16000000,"Done":false},{"Time":"2019-04-02T05:10:40","Situation":"flat","Type":"ask","Price":1.36000000,"Amount":4133.86000000,"Done":false},{"Time":"2019-04-02T05:10:40","Situation":"flat","Type":"ask","Price":1.37000000,"Amount":30499.01000000,"Done":false},{"Time":"2019-04-02T05:10:40","Situation":"flat","Type":"ask","Price":1.37500000,"Amount":12316.92000000,"Done":false},{"Time":"2019-04-02T05:10:40","Situation":"flat","Type":"ask","Price":1.38000000,"Amount":27768.17000000,"Done":false},{"Time":"2019-04-02T05:10:40","Situation":"flat","Type":"ask","Price":1.38700000,"Amount":14815.01000000,"Done":false},{"Time":"2019-04-02T05:10:40","Situation":"flat","Type":"ask","Price":1.39000000,"Amount":23272.60000000,"Done":false},{"Time":"2019-04-02T05:11:00","Situation":"trend","Type":"ask","Price":1.35000000,"Amount":6562.07000000,"Done":false},{"Time":"2019-04-02T05:11:00","Situation":"trend","Type":"ask","Price":1.35500000,"Amount":11111.87000000,"Done":false},{"Time":"2019-04-02T05:11:00","Situation":"trend","Type":"ask","Price":1.35880000,"Amount":34871.16000000,"Done":false},{"Time":"2019-04-02T05:11:00","Situation":"trend","Type":"ask","Price":1.36000000,"Amount":4133.86000000,"Done":false},{"Time":"2019-04-02T05:11:00","Situation":"trend","Type":"ask","Price":1.37000000,"Amount":30499.01000000,"Done":false},{"Time":"2019-04-02T05:11:00","Situation":"trend","Type":"ask","Price":1.37500000,"Amount":12316.92000000,"Done":false},{"Time":"2019-04-02T05:11:00","Situation":"trend","Type":"ask","Price":1.38000000,"Amount":27768.17000000,"Done":false},{"Time":"2019-04-02T05:11:00","Situation":"trend","Type":"ask","Price":1.38700000,"Amount":14815.01000000,"Done":false},{"Time":"2019-04-02T05:11:00","Situation":"trend","Type":"ask","Price":1.39000000,"Amount":23272.60000000,"Done":false},{"Time":"2019-04-02T05:12:18","Situation":"trend","Type":"ask","Price":1.35500000,"Amount":11111.87000000,"Done":false},{"Time":"2019-04-02T05:12:18","Situation":"trend","Type":"ask","Price":1.35880000,"Amount":34871.16000000,"Done":false},{"Time":"2019-04-02T05:12:18","Situation":"trend","Type":"ask","Price":1.36000000,"Amount":5998.45000000,"Done":false},{"Time":"2019-04-02T05:12:18","Situation":"trend","Type":"ask","Price":1.37000000,"Amount":30499.01000000,"Done":false},{"Time":"2019-04-02T05:12:18","Situation":"trend","Type":"ask","Price":1.37500000,"Amount":7511.12000000,"Done":false},{"Time":"2019-04-02T05:12:18","Situation":"trend","Type":"ask","Price":1.38000000,"Amount":27768.17000000,"Done":false},{"Time":"2019-04-02T05:12:18","Situation":"trend","Type":"ask","Price":1.38700000,"Amount":14815.01000000,"Done":false},{"Time":"2019-04-02T05:12:18","Situation":"trend","Type":"ask","Price":1.39000000,"Amount":23222.60000000,"Done":false},{"Time":"2019-04-02T05:12:18","Situation":"trend","Type":"ask","Price":1.39900000,"Amount":4423.54000000,"Done":false},{"Time":"2019-04-02T05:12:18","Situation":"trend","Type":"ask","Price":1.40000000,"Amount":18947.62000000,"Done":false},{"Time":"2019-04-02T05:12:18","Situation":"trend","Type":"ask","Price":1.35000000,"Amount":6562.07000000,"Done":true},{"Time":"2019-04-02T05:13:55","Situation":"trend","Type":"ask","Price":1.37000000,"Amount":30119.39000000,"Done":false},{"Time":"2019-04-02T05:13:55","Situation":"trend","Type":"ask","Price":1.37500000,"Amount":8037.27000000,"Done":false},{"Time":"2019-04-02T05:13:55","Situation":"trend","Type":"ask","Price":1.38000000,"Amount":27661.18000000,"Done":false},{"Time":"2019-04-02T05:13:55","Situation":"trend","Type":"ask","Price":1.38700000,"Amount":14815.01000000,"Done":false},{"Time":"2019-04-02T05:13:55","Situation":"trend","Type":"ask","Price":1.39000000,"Amount":23222.60000000,"Done":false},{"Time":"2019-04-02T05:13:55","Situation":"trend","Type":"ask","Price":1.39900000,"Amount":4423.54000000,"Done":false},{"Time":"2019-04-02T05:13:55","Situation":"trend","Type":"ask","Price":1.40000000,"Amount":14870.18000000,"Done":false},{"Time":"2019-04-02T05:13:55","Situation":"trend","Type":"ask","Price":1.35000000,"Amount":6562.07000000,"Done":true},{"Time":"2019-04-02T05:13:55","Situation":"trend","Type":"ask","Price":1.35500000,"Amount":11111.87000000,"Done":true},{"Time":"2019-04-02T05:13:55","Situation":"trend","Type":"ask","Price":1.35880000,"Amount":34871.16000000,"Done":true},{"Time":"2019-04-02T05:13:55","Situation":"trend","Type":"ask","Price":1.36000000,"Amount":4133.86000000,"Done":true},{"Time":"2019-04-02T05:14:25","Situation":"trend","Type":"ask","Price":1.36660000,"Amount":34871.16000000,"Done":false},{"Time":"2019-04-02T05:14:25","Situation":"trend","Type":"ask","Price":1.37000000,"Amount":30119.39000000,"Done":false},{"Time":"2019-04-02T05:14:25","Situation":"trend","Type":"ask","Price":1.37500000,"Amount":8037.27000000,"Done":false},{"Time":"2019-04-02T05:14:25","Situation":"trend","Type":"ask","Price":1.38000000,"Amount":27768.67000000,"Done":false},{"Time":"2019-04-02T05:14:25","Situation":"trend","Type":"ask","Price":1.38700000,"Amount":14815.01000000,"Done":false},{"Time":"2019-04-02T05:14:25","Situation":"trend","Type":"ask","Price":1.39000000,"Amount":23222.60000000,"Done":false},{"Time":"2019-04-02T05:14:25","Situation":"trend","Type":"ask","Price":1.39900000,"Amount":4423.54000000,"Done":false},{"Time":"2019-04-02T05:14:25","Situation":"trend","Type":"ask","Price":1.40000000,"Amount":14870.18000000,"Done":false},{"Time":"2019-04-02T05:14:25","Situation":"trend","Type":"ask","Price":1.35000000,"Amount":6562.07000000,"Done":true},{"Time":"2019-04-02T05:14:25","Situation":"trend","Type":"ask","Price":1.35500000,"Amount":11111.87000000,"Done":true},{"Time":"2019-04-02T05:14:25","Situation":"trend","Type":"ask","Price":1.35880000,"Amount":34871.16000000,"Done":true},{"Time":"2019-04-02T05:14:25","Situation":"trend","Type":"ask","Price":1.36000000,"Amount":4133.86000000,"Done":true},{"Time":"2019-04-02T05:16:10","Situation":"trend","Type":"ask","Price":1.37000000,"Amount":30119.39000000,"Done":false},{"Time":"2019-04-02T05:16:10","Situation":"trend","Type":"ask","Price":1.37500000,"Amount":9037.27000000,"Done":false},{"Time":"2019-04-02T05:16:10","Situation":"trend","Type":"ask","Price":1.38000000,"Amount":19377.35000000,"Done":false},{"Time":"2019-04-02T05:16:10","Situation":"trend","Type":"ask","Price":1.38700000,"Amount":14815.01000000,"Done":false},{"Time":"2019-04-02T05:16:10","Situation":"trend","Type":"ask","Price":1.39000000,"Amount":23222.60000000,"Done":false},{"Time":"2019-04-02T05:16:10","Situation":"trend","Type":"ask","Price":1.39900000,"Amount":4423.54000000,"Done":false},{"Time":"2019-04-02T05:16:10","Situation":"trend","Type":"ask","Price":1.40000000,"Amount":14604.54000000,"Done":false},{"Time":"2019-04-02T05:16:10","Situation":"trend","Type":"ask","Price":1.41000000,"Amount":5342.55000000,"Done":false},{"Time":"2019-04-02T05:16:10","Situation":"trend","Type":"ask","Price":1.35000000,"Amount":6562.07000000,"Done":true},{"Time":"2019-04-02T05:16:10","Situation":"trend","Type":"ask","Price":1.35500000,"Amount":11111.87000000,"Done":true},{"Time":"2019-04-02T05:16:10","Situation":"trend","Type":"ask","Price":1.35880000,"Amount":34871.16000000,"Done":true},{"Time":"2019-04-02T05:16:10","Situation":"trend","Type":"ask","Price":1.36000000,"Amount":4133.86000000,"Done":true},{"Time":"2019-04-02T05:17:00","Situation":"trend","Type":"ask","Price":1.37500000,"Amount":8260.10000000,"Done":false},{"Time":"2019-04-02T05:17:00","Situation":"trend","Type":"ask","Price":1.38000000,"Amount":19269.86000000,"Done":false},{"Time":"2019-04-02T05:17:00","Situation":"trend","Type":"ask","Price":1.38700000,"Amount":14815.01000000,"Done":false},{"Time":"2019-04-02T05:17:00","Situation":"trend","Type":"ask","Price":1.39000000,"Amount":23222.60000000,"Done":false},{"Time":"2019-04-02T05:17:00","Situation":"trend","Type":"ask","Price":1.39900000,"Amount":4423.54000000,"Done":false},{"Time":"2019-04-02T05:17:00","Situation":"trend","Type":"ask","Price":1.40000000,"Amount":14404.54000000,"Done":false},{"Time":"2019-04-02T05:17:00","Situation":"trend","Type":"ask","Price":1.41000000,"Amount":5342.55000000,"Done":false},{"Time":"2019-04-02T05:17:50","Situation":"trend","Type":"ask","Price":1.38700000,"Amount":14815.01000000,"Done":false},{"Time":"2019-04-02T05:17:50","Situation":"trend","Type":"ask","Price":1.39000000,"Amount":23222.60000000,"Done":false},{"Time":"2019-04-02T05:17:50","Situation":"trend","Type":"ask","Price":1.39900000,"Amount":4423.54000000,"Done":false},{"Time":"2019-04-02T05:17:50","Situation":"trend","Type":"ask","Price":1.40000000,"Amount":14404.54000000,"Done":false},{"Time":"2019-04-02T05:17:50","Situation":"trend","Type":"ask","Price":1.41000000,"Amount":5342.55000000,"Done":false},{"Time":"2019-04-02T05:17:50","Situation":"trend","Type":"ask","Price":1.42000000,"Amount":11390.10000000,"Done":false},{"Time":"2019-04-02T05:20:15","Situation":"trend","Type":"ask","Price":1.37590000,"Amount":4845.58000000,"Done":false},{"Time":"2019-04-02T05:20:15","Situation":"trend","Type":"ask","Price":1.38700000,"Amount":14815.01000000,"Done":false},{"Time":"2019-04-02T05:20:15","Situation":"trend","Type":"ask","Price":1.39000000,"Amount":23222.60000000,"Done":false},{"Time":"2019-04-02T05:20:15","Situation":"trend","Type":"ask","Price":1.39800000,"Amount":5627.85000000,"Done":false},{"Time":"2019-04-02T05:20:15","Situation":"trend","Type":"ask","Price":1.39900000,"Amount":4423.54000000,"Done":false},{"Time":"2019-04-02T05:20:15","Situation":"trend","Type":"ask","Price":1.40000000,"Amount":14404.54000000,"Done":false},{"Time":"2019-04-02T05:20:15","Situation":"trend","Type":"ask","Price":1.41000000,"Amount":5342.55000000,"Done":false},{"Time":"2019-04-02T05:21:11","Situation":"trend","Type":"ask","Price":1.38700000,"Amount":14815.01000000,"Done":false},{"Time":"2019-04-02T05:21:11","Situation":"trend","Type":"ask","Price":1.39000000,"Amount":23222.60000000,"Done":false},{"Time":"2019-04-02T05:21:11","Situation":"trend","Type":"ask","Price":1.39800000,"Amount":5627.85000000,"Done":false},{"Time":"2019-04-02T05:21:11","Situation":"trend","Type":"ask","Price":1.39900000,"Amount":4423.54000000,"Done":false},{"Time":"2019-04-02T05:21:11","Situation":"trend","Type":"ask","Price":1.40000000,"Amount":14404.54000000,"Done":false},{"Time":"2019-04-02T05:21:11","Situation":"trend","Type":"ask","Price":1.41000000,"Amount":5342.55000000,"Done":false},{"Time":"2019-04-02T05:21:11","Situation":"trend","Type":"ask","Price":1.42000000,"Amount":6610.15000000,"Done":false},{"Time":"2019-04-02T05:22:44","Situation":"trend","Type":"ask","Price":1.38700000,"Amount":14815.01000000,"Done":false},{"Time":"2019-04-02T05:22:44","Situation":"trend","Type":"ask","Price":1.39000000,"Amount":25886.74000000,"Done":false},{"Time":"2019-04-02T05:22:44","Situation":"trend","Type":"ask","Price":1.39900000,"Amount":4423.54000000,"Done":false},{"Time":"2019-04-02T05:22:44","Situation":"trend","Type":"ask","Price":1.40000000,"Amount":14404.54000000,"Done":false},{"Time":"2019-04-02T05:22:44","Situation":"trend","Type":"ask","Price":1.41000000,"Amount":5342.55000000,"Done":false},{"Time":"2019-04-02T05:22:44","Situation":"trend","Type":"ask","Price":1.42000000,"Amount":6610.15000000,"Done":false},{"Time":"2019-04-02T05:22:49","Situation":"trend","Type":"ask","Price":1.38700000,"Amount":14815.01000000,"Done":false},{"Time":"2019-04-02T05:22:49","Situation":"trend","Type":"ask","Price":1.39000000,"Amount":25886.74000000,"Done":false},{"Time":"2019-04-02T05:22:49","Situation":"trend","Type":"ask","Price":1.39900000,"Amount":4423.54000000,"Done":false},{"Time":"2019-04-02T05:22:49","Situation":"trend","Type":"ask","Price":1.40000000,"Amount":14404.54000000,"Done":false},{"Time":"2019-04-02T05:22:49","Situation":"trend","Type":"ask","Price":1.41000000,"Amount":5342.55000000,"Done":false},{"Time":"2019-04-02T05:22:49","Situation":"trend","Type":"ask","Price":1.42000000,"Amount":6610.15000000,"Done":false},{"Time":"2019-04-02T05:23:35","Situation":"trend","Type":"ask","Price":1.38700000,"Amount":14815.01000000,"Done":false},{"Time":"2019-04-02T05:23:35","Situation":"trend","Type":"ask","Price":1.39000000,"Amount":28144.04000000,"Done":false},{"Time":"2019-04-02T05:23:35","Situation":"trend","Type":"ask","Price":1.39900000,"Amount":4423.54000000,"Done":false},{"Time":"2019-04-02T05:23:35","Situation":"trend","Type":"ask","Price":1.40000000,"Amount":14404.54000000,"Done":false},{"Time":"2019-04-02T05:23:35","Situation":"trend","Type":"ask","Price":1.41000000,"Amount":5342.55000000,"Done":false},{"Time":"2019-04-02T05:23:54","Situation":"trend","Type":"ask","Price":1.38000000,"Amount":13572.75000000,"Done":false},{"Time":"2019-04-02T05:23:54","Situation":"trend","Type":"ask","Price":1.38700000,"Amount":14815.01000000,"Done":false},{"Time":"2019-04-02T05:23:54","Situation":"trend","Type":"ask","Price":1.39000000,"Amount":28144.04000000,"Done":false},{"Time":"2019-04-02T05:23:54","Situation":"trend","Type":"ask","Price":1.39900000,"Amount":4423.54000000,"Done":false},{"Time":"2019-04-02T05:23:54","Situation":"trend","Type":"ask","Price":1.40000000,"Amount":14404.54000000,"Done":false}