{"OrderBookAsks":[{"Time":"2019-02-28T20:13:56","Situation":"unknown","Type":"ask","Price":0.31297000,"Amount":57580.20000000,"Done":false},{"Time":"2019-02-28T20:13:56","Situation":"unknown","Type":"ask","Price":0.31414000,"Amount":108531.00000000,"Done":false},{"Time":"2019-02-28T20:13:56","Situation":"unknown","Type":"ask","Price":0.31440000,"Amount":46515.80000000,"Done":false},{"Time":"2019-02-28T20:13:56","Situation":"unknown","Type":"ask","Price":0.31700000,"Amount":59575.30000000,"Done":false},{"Time":"2019-02-28T20:16:19","Situation":"unknown","Type":"ask","Price":0.31107000,"Amount":57580.20000000,"Done":false},{"Time":"2019-02-28T20:16:19","Situation":"unknown","Type":"ask","Price":0.31320000,"Amount":110761.00000000,"Done":false},{"Time":"2019-02-28T20:16:19","Situation":"unknown","Type":"ask","Price":0.31440000,"Amount":46515.80000000,"Done":false},{"Time":"2019-02-28T20:16:19","Situation":"unknown","Type":"ask","Price":0.31696000,"Amount":55315.30000000,"Done":false},{"Time":"2019-02-28T20:16:19","Situation":"unknown","Type":"ask","Price":0.31700000,"Amount":59575.30000000,"Done":false},{"Time":"2019-02-28T20:21:22","Situation":"unknown","Type":"ask","Price":0.31225000,"Amount":58021.10000000,"Done":false},{"Time":"2019-02-28T20:21:22","Situation":"unknown","Type":"ask","Price":0.31320000,"Amount":110761.00000000,"Done":false},{"Time":"2019-02-28T20:21:22","Situation":"unknown","Type":"ask","Price":0.31440000,"Amount":46515.80000000,"Done":false},{"Time":"2019-02-28T20:21:22","Situation":"unknown","Type":"ask","Price":0.31696000,"Amount":55315.30000000,"Done":false},{"Time":"2019-02-28T20:21:22","Situation":"unknown","Type":"ask","Price":0.31700000,"Amount":59575.30000000,"Done":false},{"Time":"2019-02-28T20:26:22","Situation":"unknown","Type":"ask","Price":0.31225000,"Amount":57580.20000000,"Done":false},{"Time":"2019-02-28T20:26:22","Situation":"unknown","Type":"ask","Price":0.31245000,"Amount":62968.70000000,"Done":false},{"Time":"2019-02-28T20:26:22","Situation":"unknown","Type":"ask","Price":0.31320000,"Amount":110761.00000000,"Done":false},{"Time":"2019-02-28T20:26:22","Situation":"unknown","Type":"ask","Price":0.31696000,"Amount":55315.30000000,"Done":false},{"Time":"2019-02-28T20:26:22","Situation":"unknown","Type":"ask","Price":0.31700000,"Amount":59575.30000000,"Done":false},{"Time":"2019-02-28T20:31:25","Situation":"unknown","Type":"ask","Price":0.31200000,"Amount":43047.10000000,"Done":false},{"Time":"2019-02-28T20:31:25","Situation":"unknown","Type":"ask","Price":0.31225000,"Amount":57580.20000000,"Done":false},{"Time":"2019-02-28T20:31:25","Situation":"unknown","Type":"ask","Price":0.31245000,"Amount":62968.70000000,"Done":false},{"Time":"2019-02-28T20:31:25","Situation":"unknown","Type":"ask","Price":0.31320000,"Amount":110761.00000000,"Done":false},{"Time":"2019-02-28T20:31:25","Situation":"unknown","Type":"ask","Price":0.31696000,"Amount":55315.30000000,"Done":false},{"Time":"2019-02-28T20:36:27","Situation":"unknown","Type":"ask","Price":0.31241000,"Amount":58198.60000000,"Done":false},{"Time":"2019-02-28T20:36:27","Situation":"unknown","Type":"ask","Price":0.31245000,"Amount":62968.70000000,"Done":false},{"Time":"2019-02-28T20:36:27","Situation":"unknown","Type":"ask","Price":0.31320000,"Amount":110761.00000000,"Done":false},{"Time":"2019-02-28T20:36:27","Situation":"unknown","Type":"ask","Price":0.31696000,"Amount":55315.30000000,"Done":false},{"Time":"2019-02-28T20:36:27","Situation":"unknown","Type":"ask","Price":0.31700000,"Amount":101653.00000000,"Done":false},{"Time":"2019-02-28T20:41:28","Situation":"unknown","Type":"ask","Price":0.31355000,"Amount":57267.30000000,"Done":false},{"Time":"2019-02-28T20:41:28","Situation":"unknown","Type":"ask","Price":0.31432000,"Amount":108531.00000000,"Done":false},{"Time":"2019-02-28T20:41:28","Situation":"unknown","Type":"ask","Price":0.31700000,"Amount":101653.00000000,"Done":false},{"Time":"2019-02-28T20:46:29","Situation":"unknown","Type":"ask","Price":0.31394000,"Amount":57267.30000000,"Done":false},{"Time":"2019-02-28T20:46:29","Situation":"unknown","Type":"ask","Price":0.31432000,"Amount":108531.00000000,"Done":false},{"Time":"2019-02-28T20:46:29","Situation":"unknown","Type":"ask","Price":0.31700000,"Amount":101653.00000000,"Done":false},{"Time":"2019-02-28T20:51:31","Situation":"unknown","Type":"ask","Price":0.31451000,"Amount":57267.30000000,"Done":false},{"Time":"2019-02-28T20:51:31","Situation":"unknown","Type":"ask","Price":0.31536000,"Amount":108531.00000000,"Done":false},{"Time":"2019-02-28T20:51:31","Situation":"unknown","Type":"ask","Price":0.31700000,"Amount":101653.00000000,"Done":false},{"Time":"2019-02-28T20:56:35","Situation":"unknown","Type":"ask","Price":0.31396000,"Amount":60026.20000000,"Done":false},{"Time":"2019-02-28T20:56:35","Situation":"unknown","Type":"ask","Price":0.31536000,"Amount":108531.00000000,"Done":false},{"Time":"2019-02-28T20:56:35","Situation":"unknown","Type":"ask","Price":0.31700000,"Amount":101857.20000000,"Done":false},{"Time":"2019-02-28T21:01:35","Situation":"unknown","Type":"ask","Price":0.31448000,"Amount":57267.30000000,"Done":false},{"Time":"2019-02-28T21:01:35","Situation":"unknown","Type":"ask","Price":0.31536000,"Amount":108531.00000000,"Done":false},{"Time":"2019-02-28T21:01:35","Situation":"unknown","Type":"ask","Price":0.31584000,"Amount":90000.00000000,"Done":false},{"Time":"2019-02-28T21:01:35","Situation":"unknown","Type":"ask","Price":0.31690000,"Amount":90000.00000000,"Done":false},{"Time":"2019-02-28T21:01:35","Situation":"unknown","Type":"ask","Price":0.31700000,"Amount":73203.10000000,"Done":false},{"Time":"2019-02-28T21:01:35","Situation":"unknown","Type":"ask","Price":0.31780000,"Amount":192861.20000000,"Done":false},{"Time":"2019-02-28T21:06:35","Situation":"unknown","Type":"ask","Price":0.31555000,"Amount":54735.30000000,"Done":false},{"Time":"2019-02-28T21:06:35","Situation":"unknown","Type":"ask","Price":0.31633000,"Amount":108610.10000000,"Done":false},{"Time":"2019-02-28T21:06:35","Situation":"unknown","Type":"ask","Price":0.31641000,"Amount":90000.00000000,"Done":false},{"Time":"2019-02-28T21:06:35","Situation":"unknown","Type":"ask","Price":0.31700000,"Amount":72203.10000000,"Done":false},{"Time":"2019-02-28T21:06:35","Situation":"unknown","Type":"ask","Price":0.31747000,"Amount":90460.00000000,"Done":false},{"Time":"2019-02-28T21:06:35","Situation":"unknown","Type":"ask","Price":0.31780000,"Amount":192861.20000000,"Done":false},{"Time":"2019-02-28T21:11:38","Situation":"unknown","Type":"ask","Price":0.31510000,"Amount":54263.30000000,"Done":false},{"Time":"2019-02-28T21:11:38","Situation":"unknown","Type":"ask","Price":0.31633000,"Amount":108610.10000000,"Done":false},{"Time":"2019-02-28T21:11:38","Situation":"unknown","Type":"ask","Price":0.31641000,"Amount":90000.00000000,"Done":false},{"Time":"2019-02-28T21:11:38","Situation":"unknown","Type":"ask","Price":0.31700000,"Amount":69128.90000000,"Done":false},{"Time":"2019-02-28T21:11:38","Situation":"unknown","Type":"ask","Price":0.31747000,"Amount":90460.00000000,"Done":false},{"Time":"2019-02-28T21:11:38","Situation":"unknown","Type":"ask","Price":0.31780000,"Amount":192861.20000000,"Done":false},{"Time":"2019-02-28T21:16:41","Situation":"unknown","Type":"ask","Price":0.31506000,"Amount":54263.30000000,"Done":false},{"Time":"2019-02-28T21:16:41","Situation":"unknown","Type":"ask","Price":0.31633000,"Amount":108610.10000000,"Done":false},{"Time":"2019-02-28T21:16:41","Situation":"unknown","Type":"ask","Price":0.31641000,"Amount":90000.00000000,"Done":false},{"Time":"2019-02-28T21:16:41","Situation":"unknown","Type":"ask","Price":0.31700000,"Amount":69065.50000000,"Done":false},{"Time":"2019-02-28T21:16:41","Situation":"unknown","Type":"ask","Price":0.31747000,"Amount":90460.00000000,"Done":false},{"Time":"2019-02-28T21:16:41","Situation":"unknown","Type":"ask","Price":0.31780000,"Amount":192861.20000000,"Done":false},{"Time":"2019-02-28T21:21:44","Situation":"unknown","Type":"ask","Price":0.31500000,"Amount":41184.70000000,"Done":false},{"Time":"2019-02-28T21:21:44","Situation":"unknown","Type":"ask","Price":0.31531000,"Amount":54263.30000000,"Done":false},{"Time":"2019-02-28T21:21:44","Situation":"unknown","Type":"ask","Price":0.31633000,"Amount":108610.10000000,"Done":false},{"Time":"2019-02-28T21:21:44","Situation":"unknown","Type":"ask","Price":0.31695000,"Amount":90000.00000000,"Done":false},{"Time":"2019-02-28T21:21:44","Situation":"unknown","Type":"ask","Price":0.31700000,"Amount":69160.10000000,"Done":false},{"Time":"2019-02-28T21:21:44","Situation":"unknown","Type":"ask","Price":0.31780000,"Amount":192861.20000000,"Done":false},{"Time":"2019-02-28T21:21:44","Situation":"unknown","Type":"ask","Price":0.31801000,"Amount":90000.00000000,"Done":false},{"Time":"2019-02-28T21:26:46","Situation":"unknown","Type":"ask","Price":0.31557000,"Amount":54263.30000000,"Done":false},{"Time":"2019-02-28T21:26:46","Situation":"unknown","Type":"ask","Price":0.31633000,"Amount":108610.10000000,"Done":false},{"Time":"2019-02-28T21:26:46","Situation":"unknown","Type":"ask","Price":0.31695000,"Amount":90000.00000000,"Done":false},{"Time":"2019-02-28T21:26:46","Situation":"unknown","Type":"ask","Price":0.31700000,"Amount":69160.10000000,"Done":false},{"Time":"2019-02-28T21:26:46","Situation":"unknown","Type":"ask","Price":0.31780000,"Amount":192861.20000000,"Done":false},{"Time":"2019-02-28T21:26:46","Situation":"unknown","Type":"ask","Price":0.31801000,"Amount":90000.00000000,"Done":false},{"Time":"2019-02-28T21:31:49","Situation":"unknown","Type":"ask","Price":0.31585000,"Amount":54263.30000000,"Done":false},{"Time":"2019-02-28T21:31:49","Situation":"unknown","Type":"ask","Price":0.31700000,"Amount":93189.70000000,"Done":false},{"Time":"2019-02-28T21:31:49","Situation":"unknown","Type":"ask","Price":0.31730000,"Amount":108531.00000000,"Done":false},{"Time":"2019-02-28T21:31:49","Situation":"unknown","Type":"ask","Price":0.31752000,"Amount":90000.00000000,"Done":false},{"Time":"2019-02-28T21:31:49","Situation":"unknown","Type":"ask","Price":0.31780000,"Amount":192861.20000000,"Done":false},{"Time":"2019-02-28T21:31:49","Situation":"unknown","Type":"ask","Price":0.31858000,"Amount":90000.00000000,"Done":false},{"Time":"2019-02-28T21:36:52","Situation":"unknown","Type":"ask","Price":0.31586000,"Amount":57268.30000000,"Done":false},{"Time":"2019-02-28T21:36:52","Situation":"unknown","Type":"ask","Price":0.31700000,"Amount":93189.70000000,"Done":false},{"Time":"2019-02-28T21:36:52","Situation":"unknown","Type":"ask","Price":0.31730000,"Amount":108531.00000000,"Done":false},{"Time":"2019-02-28T21:36:52","Situation":"unknown","Type":"ask","Price":0.31752000,"Amount":90000.00000000,"Done":false},{"Time":"2019-02-28T21:36:52","Situation":"unknown","Type":"ask","Price":0.31780000,"Amount":192861.20000000,"Done":false},{"Time":"2019-02-28T21:41:52","Situation":"unknown","Type":"ask","Price":0.31510000,"Amount":45320.20000000,"Done":false},{"Time":"2019-02-28T21:41:52","Situation":"unknown","Type":"ask","Price":0.31590000,"Amount":54263.30000000,"Done":false},{"Time":"2019-02-28T21:41:52","Situation":"unknown","Type":"ask","Price":0.31700000,"Amount":93189.70000000,"Done":false},{"Time":"2019-02-28T21:41:52","Situation":"unknown","Type":"ask","Price":0.31730000,"Amount":108531.00000000,"Done":false},{"Time":"2019-02-28T21:41:52","Situation":"unknown","Type":"ask","Price":0.31752000,"Amount":90000.00000000,"Done":false},{"Time":"2019-02-28T21:41:52","Situation":"unknown","Type":"ask","Price":0.31780000,"Amount":192861.20000000,"Done":false},{"Time":"2019-02-28T21:43:26","Situation":"unknown","Type":"ask","Price":0.31455000,"Amount":54263.30000000,"Done":false},{"Time":"2019-02-28T21:43:26","Situation":"unknown","Type":"ask","Price":0.31634000,"Amount":108531.00000000,"Done":false},{"Time":"2019-02-28T21:43:26","Situation":"unknown","Type":"ask","Price":0.31643000,"Amount":90000.00000000,"Done":false},{"Time":"2019-02-28T21:43:26","Situation":"unknown","Type":"ask","Price":0.31700000,"Amount":94189.70000000,"Done":false},{"Time":"2019-02-28T21:43:26","Situation":"unknown","Type":"ask","Price":0.31703000,"Amount":90000.00000000,"Done":false},{"Time":"2019-02-28T21:48:30","Situation":"unknown","Type":"ask","Price":0.31455000,"Amount":54263.30000000,"Done":false},{"Time":"2019-02-28T21:48:30","Situation":"unknown","Type":"ask","Price":0.31539000,"Amount":90000.00000000,"Done":false},{"Time":"2019-02-28T21:48:30","Situation":"unknown","Type":"ask","Price":0.31540000,"Amount":108531.00000000,"Done":false},{"Time":"2019-02-28T21:48:30","Situation":"unknown","Type":"ask","Price":0.31651000,"Amount":90000.00000000,"Done":false},{"Time":"2019-02-28T21:48:30","Situation":"unknown","Type":"ask","Price":0.31700000,"Amount":93189.70000000,"Done":false},{"Time":"2019-02-28T21:53:33","Situation":"unknown","Type":"ask","Price":0.31455000,"Amount":54263.30000000,"Done":false},{"Time":"2019-02-28T21:53:33","Situation":"unknown","Type":"ask","Price":0.31500000,"Amount":65037.60000000,"Done":false},{"Time":"2019-02-28T21:53:33","Situation":"unknown","Type":"ask","Price":0.31539000,"Amount":90000.00000000,"Done":false},{"Time":"2019-02-28T21:53:33","Situation":"unknown","Type":"ask","Price":0.31540000,"Amount":108531.00000000,"Done":false},{"Time":"2019-02-28T21:53:33","Situation":"unknown","Type":"ask","Price":0.31651000,"Amount":90000.00000000,"Done":false},{"Time":"2019-02-28T21:53:33","Situation":"unknown","Type":"ask","Price":0.31700000,"Amount":93189.70000000,"Done":false},{"Time":"2019-02-28T21:58:35","Situation":"unknown","Type":"ask","Price":0.31455000,"Amount":54263.30000000,"Done":false},{"Time":"2019-02-28T21:58:35","Situation":"unknown","Type":"ask","Price":0.31500000,"Amount":65037.60000000,"Done":false},{"Time":"2019-02-28T21:58:35","Situation":"unknown","Type":"ask","Price":0.31539000,"Amount":90000.00000000,"Done":false},{"Time":"2019-02-28T21:58:35","Situation":"unknown","Type":"ask","Price":0.31540000,"Amount":108531.00000000,"Done":false},{"Time":"2019-02-28T21:58:35","Situation":"unknown","Type":"ask","Price":0.31651000,"Amount":90000.00000000,"Done":false},{"Time":"2019-02-28T21:58:35","Situation":"unknown","Type":"ask","Price":0.31700000,"Amount":93480.20000000,"Done":false},{"Time":"2019-02-28T22:03:36","Situation":"unknown","Type":"ask","Price":0.31455000,"Amount":54263.30000000,"Done":false},{"Time":"2019-02-28T22:03:36","Situation":"unknown","Type":"ask","Price":0.31500000,"Amount":67037.60000000,"Done":false},{"Time":"2019-02-28T22:03:36","Situation":"unknown","Type":"ask","Price":0.31540000,"Amount":108531.00000000,"Done":false},{"Time":"2019-02-28T22:03:36","Situation":"unknown","Type":"ask","Price":0.31593000,"Amount":99999.60000000,"Done":false},{"Time":"2019-02-28T22:03:36","Situation":"unknown","Type":"ask","Price":0.31651000,"Amount":90000.00000000,"Done":false},{"Time":"2019-02-28T22:03:36","Situation":"unknown","Type":"ask","Price":0.31700000,"Amount":94480.20000000,"Done":false},{"Time":"2019-02-28T22:03:36","Situation":"unknown","Type":"ask","Price":0.31780000,"Amount":192861.20000000,"Done":false},{"Time":"2019-02-28T22:08:36","Situation":"unknown","Type":"ask","Price":0.31481000,"Amount":54263.30000000,"Done":false},{"Time":"2019-02-28T22:08:36","Situation":"unknown","Type":"ask","Price":0.31543000,"Amount":108531.00000000,"Done":false},{"Time":"2019-02-28T22:08:36","Situation":"unknown","Type":"ask","Price":0.31593000,"Amount":99999.60000000,"Done":false},{"Time":"2019-02-28T22:08:36","Situation":"unknown","Type":"ask","Price":0.31700000,"Amount":94189.70000000,"Done":false},{"Time":"2019-02-28T22:08:36","Situation":"unknown","Type":"ask","Price":0.31702000,"Amount":90000.00000000,"Done":false},{"Time":"2019-02-28T22:13:40","Situation":"unknown","Type":"ask","Price":0.31481000,"Amount":54263.30000000,"Done":false},{"Time":"2019-02-28T22:13:40","Situation":"unknown","Type":"ask","Price":0.31543000,"Amount":108531.00000000,"Done":false},{"Time":"2019-02-28T22:13:40","Situation":"unknown","Type":"ask","Price":0.31593000,"Amount":99999.60000000,"Done":false},{"Time":"2019-02-28T22:13:40","Situation":"unknown","Type":"ask","Price":0.31700000,"Amount":94189.70000000,"Done":false},{"Time":"2019-02-28T22:13:40","Situation":"unknown","Type":"ask","Price":0.31702000,"Amount":90000.00000000,"Done":false},{"Time":"2019-02-28T22:18:40","Situation":"unknown","Type":"ask","Price":0.31481000,"Amount":54263.30000000,"Done":false},{"Time":"2019-02-28T22:18:40","Situation":"unknown","Type":"ask","Price":0.31543000,"Amount":108531.00000000,"Done":false},{"Time":"2019-02-28T22:18:40","Situation":"unknown","Type":"ask","Price":0.31601000,"Amount":90000.00000000,"Done":false},{"Time":"2019-02-28T22:18:40","Situation":"unknown","Type":"ask","Price":0.31700000,"Amount":94435.70000000,"Done":false},{"Time":"2019-02-28T22:18:40","Situation":"unknown","Type":"ask","Price":0.31706000,"Amount":90000.00000000,"Done":false},{"Time":"2019-02-28T22:18:40","Situation":"unknown","Type":"ask","Price":0.31780000,"Amount":192861.20000000,"Done":false},{"Time":"2019-02-28T22:23:41","Situation":"unknown","Type":"ask","Price":0.31400000,"Amount":56931.90000000,"Done":false},{"Time":"2019-02-28T22:23:41","Situation":"unknown","Type":"ask","Price":0.31437000,"Amount":53411.80000000,"Done":false},{"Time":"2019-02-28T22:23:41","Situation":"unknown","Type":"ask","Price":0.31543000,"Amount":108531.00000000,"Done":false},{"Time":"2019-02-28T22:23:41","Situation":"unknown","Type":"ask","Price":0.31601000,"Amount":90000.00000000,"Done":false},{"Time":"2019-02-28T22:23:41","Situation":"unknown","Type":"ask","Price":0.31700000,"Amount":93435.70000000,"Done":false},{"Time":"2019-02-28T22:23:41","Situation":"unknown","Type":"ask","Price":0.31706000,"Amount":90000.00000000,"Done":false},{"Time":"2019-02-28T22:23:41","Situation":"unknown","Type":"ask","Price":0.31780000,"Amount":192861.20000000,"Done":false},{"Time":"2019-02-28T22:28:45","Situation":"unknown","Type":"ask","Price":0.31437000,"Amount":53411.80000000,"Done":false},{"Time":"2019-02-28T22:28:45","Situation":"unknown","Type":"ask","Price":0.31543000,"Amount":108531.00000000,"Done":false},{"Time":"2019-02-28T22:28:45","Situation":"unknown","Type":"ask","Price":0.31547000,"Amount":90000.00000000,"Done":false},{"Time":"2019-02-28T22:28:45","Situation":"unknown","Type":"ask","Price":0.31656000,"Amount":90200.00000000,"Done":false},{"Time":"2019-02-28T22:28:45","Situation":"unknown","Type":"ask","Price":0.31700000,"Amount":93435.70000000,"Done":false},{"Time":"2019-02-28T22:33:45","Situation":"unknown","Type":"ask","Price":0.31437000,"Amount":53411.80000000,"Done":false},{"Time":"2019-02-28T22:33:45","Situation":"unknown","Type":"ask","Price":0.31448000,"Amount":108531.00000000,"Done":false},{"Time":"2019-02-28T22:33:45","Situation":"unknown","Type":"ask","Price":0.31494000,"Amount":90000.00000000,"Done":false},{"Time":"2019-02-28T22:33:45","Situation":"unknown","Type":"ask","Price":0.31547000,"Amount":90000.00000000,"Done":false},{"Time":"2019-02-28T22:33:45","Situation":"unknown","Type":"ask","Price":0.31700000,"Amount":93435.70000000,"Done":false},{"Time":"2019-02-28T22:38:46","Situation":"unknown","Type":"ask","Price":0.31343000,"Amount":53411.80000000,"Done":false},{"Time":"2019-02-28T22:38:46","Situation":"unknown","Type":"ask","Price":0.31448000,"Amount":108531.00000000,"Done":false},{"Time":"2019-02-28T22:38:46","Situation":"unknown","Type":"ask","Price":0.31494000,"Amount":90000.00000000,"Done":false},{"Time":"2019-02-28T22:38:46","Situation":"unknown","Type":"ask","Price":0.31601000,"Amount":90000.00000000,"Done":false},{"Time":"2019-02-28T22:38:46","Situation":"unknown","Type":"ask","Price":0.31700000,"Amount":93435.70000000,"Done":false},{"Time":"2019-02-28T22:43:50","Situation":"unknown","Type":"ask","Price":0.31378000,"Amount":53411.80000000,"Done":false},{"Time":"2019-02-28T22:43:50","Situation":"unknown","Type":"ask","Price":0.31448000,"Amount":108531.00000000,"Done":false},{"Time":"2019-02-28T22:43:50","Situation":"unknown","Type":"ask","Price":0.31548000,"Amount":90000.00000000,"Done":false},{"Time":"2019-02-28T22:43:50","Situation":"unknown","Type":"ask","Price":0.31655000,"Amount":119654.10000000,"Done":false},{"Time":"2019-02-28T22:43:50","Situation":"unknown","Type":"ask","Price":0.31700000,"Amount":93435.70000000,"Done":false},{"Time":"2019-02-28T22:48:52","Situation":"unknown","Type":"ask","Price":0.31448000,"Amount":108531.00000000,"Done":false},{"Time":"2019-02-28T22:48:52","Situation":"unknown","Type":"ask","Price":0.31548000,"Amount":90000.00000000,"Done":false},{"Time":"2019-02-28T22:48:52","Situation":"unknown","Type":"ask","Price":0.31655000,"Amount":119654.10000000,"Done":false},{"Time":"2019-02-28T22:48:52","Situation":"unknown","Type":"ask","Price":0.31700000,"Amount":94435.70000000,"Done":false},{"Time":"2019-02-28T22:53:56","Situation":"unknown","Type":"ask","Price":0.31426000,"Amount":53411.80000000,"Done":false},{"Time":"2019-02-28T22:53:56","Situation":"unknown","Type":"ask","Price":0.31544000,"Amount":108531.00000000,"Done":false},{"Time":"2019-02-28T22:53:56","Situation":"unknown","Type":"ask","Price":0.31700000,"Amount":94435.70000000,"Done":false},{"Time":"2019-02-28T22:58:58","Situation":"unknown","Type":"ask","Price":0.31426000,"Amount":53411.80000000,"Done":false},{"Time":"2019-02-28T22:58:58","Situation":"unknown","Type":"ask","Price":0.31544000,"Amount":108531.00000000,"Done":false},{"Time":"2019-02-28T22:58:58","Situation":"unknown","Type":"ask","Price":0.31700000,"Amount":93435.70000000,"Done":false},{"Time":"2019-02-28T23:04:02","Situation":"unknown","Type":"ask","Price":0.31480000,"Amount":53411.80000000,"Done":false},{"Time":"2019-02-28T23:04:02","Situation":"unknown","Type":"ask","Price":0.31544000,"Amount":108531.00000000,"Done":false},{"Time":"2019-02-28T23:04:02","Situation":"unknown","Type":"ask","Price":0.31700000,"Amount":94435.70000000,"Done":false},{"Time":"2019-02-28T23:09:06","Situation":"unknown","Type":"ask","Price":0.31493000,"Amount":53052.60000000,"Done":false},{"Time":"2019-02-28T23:09:06","Situation":"unknown","Type":"ask","Price":0.31544000,"Amount":108531.00000000,"Done":false},{"Time":"2019-02-28T23:09:06","Situation":"unknown","Type":"ask","Price":0.31700000,"Amount":93435.70000000,"Done":false},{"Time":"2019-02-28T23:09:06","Situation":"unknown","Type":"ask","Price":0.31800000,"Amount":290177.90000000,"Done":false},{"Time":"2019-02-28T23:14:08","Situation":"unknown","Type":"ask","Price":0.31537000,"Amount":53052.60000000,"Done":false},{"Time":"2019-02-28T23:14:08","Situation":"unknown","Type":"ask","Price":0.31663000,"Amount":108531.00000000,"Done":false},{"Time":"2019-02-28T23:14:08","Situation":"unknown","Type":"ask","Price":0.31700000,"Amount":93435.70000000,"Done":false},{"Time":"2019-02-28T23:14:08","Situation":"unknown","Type":"ask","Price":0.31800000,"Amount":290177.90000000,"Done":false},{"Time":"2019-02-28T23:19:11","Situation":"unknown","Type":"ask","Price":0.31537000,"Amount":53052.60000000,"Done":false},{"Time":"2019-02-28T23:19:11","Situation":"unknown","Type":"ask","Price":0.31668000,"Amount":108531.00000000,"Done":false},{"Time":"2019-02-28T23:19:11","Situation":"unknown","Type":"ask","Price":0.31700000,"Amount":94435.70000000,"Done":false},{"Time":"2019-02-28T23:19:11","Situation":"unknown","Type":"ask","Price":0.31800000,"Amount":288877.50000000,"Done":false},{"Time":"2019-02-28T23:24:13","Situation":"unknown","Type":"ask","Price":0.31626000,"Amount":53052.60000000,"Done":false},{"Time":"2019-02-28T23:24:13","Situation":"unknown","Type":"ask","Price":0.31668000,"Amount":108531.00000000,"Done":false},{"Time":"2019-02-28T23:24:13","Situation":"unknown","Type":"ask","Price":0.31700000,"Amount":95713.70000000,"Done":false},{"Time":"2019-02-28T23:24:13","Situation":"unknown","Type":"ask","Price":0.31800000,"Amount":288877.50000000,"Done":false},{"Time":"2019-02-28T23:29:16","Situation":"unknown","Type":"ask","Price":0.31574000,"Amount":108531.00000000,"Done":false},{"Time":"2019-02-28T23:29:16","Situation":"unknown","Type":"ask","Price":0.31626000,"Amount":53052.60000000,"Done":false},{"Time":"2019-02-28T23:29:16","Situation":"unknown","Type":"ask","Price":0.31700000,"Amount":95713.70000000,"Done":false},{"Time":"2019-02-28T23:29:16","Situation":"unknown","Type":"ask","Price":0.31800000,"Amount":288877.50000000,"Done":false},{"Time":"2019-02-28T23:34:20","Situation":"unknown","Type":"ask","Price":0.31574000,"Amount":108531.00000000,"Done":false},{"Time":"2019-02-28T23:34:20","Situation":"unknown","Type":"ask","Price":0.31626000,"Amount":53052.60000000,"Done":false},{"Time":"2019-02-28T23:34:20","Situation":"unknown","Type":"ask","Price":0.31700000,"Amount":95713.70000000,"Done":false},{"Time":"2019-02-28T23:34:20","Situation":"unknown","Type":"ask","Price":0.31800000,"Amount":288877.50000000,"Done":false},{"Time":"2019-02-28T23:39:21","Situation":"unknown","Type":"ask","Price":0.31574000,"Amount":108531.00000000,"Done":false},{"Time":"2019-02-28T23:39:21","Situation":"unknown","Type":"ask","Price":0.31626000,"Amount":53052.60000000,"Done":false},{"Time":"2019-02-28T23:39:21","Situation":"unknown","Type":"ask","Price":0.31700000,"Amount":95713.70000000,"Done":false},{"Time":"2019-02-28T23:39:21","Situation":"unknown","Type":"ask","Price":0.31800000,"Amount":288877.50000000,"Done":false},{"Time":"2019-02-28T23:44:24","Situation":"unknown","Type":"ask","Price":0.31472000,"Amount":53052.60000000,"Done":false},{"Time":"2019-02-28T23:44:24","Situation":"unknown","Type":"ask","Price":0.31574000,"Amount":108531.00000000,"Done":false},{"Time":"2019-02-28T23:44:24","Situation":"unknown","Type":"ask","Price":0.31700000,"Amount":95713.70000000,"Done":false},{"Time":"2019-02-28T23:49:27","Situation":"unknown","Type":"ask","Price":0.31442000,"Amount":52537.60000000,"Done":false},{"Time":"2019-02-28T23:49:27","Situation":"unknown","Type":"ask","Price":0.31574000,"Amount":108531.00000000,"Done":false},{"Time":"2019-02-28T23:49:27","Situation":"unknown","Type":"ask","Price":0.31700000,"Amount":95713.70000000,"Done":false},{"Time":"2019-02-28T23:54:29","Situation":"unknown","Type":"ask","Price":0.31458000,"Amount":52537.60000000,"Done":false},{"Time":"2019-02-28T23:54:29","Situation":"unknown","Type":"ask","Price":0.31574000,"Amount":108531.00000000,"Done":false},{"Time":"2019-02-28T23:54:29","Situation":"unknown","Type":"ask","Price":0.31700000,"Amount":95713.70000000,"Done":false},{"Time":"2019-02-28T23:54:29","Situation":"unknown","Type":"ask","Price":0.31800000,"Amount":289240.90000000,"Done":false},{"Time":"2019-02-28T23:59:33","Situation":"unknown","Type":"ask","Price":0.31574000,"Amount":108531.00000000,"Done":false},{"Time":"2019-02-28T23:59:33","Situation":"unknown","Type":"ask","Price":0.31700000,"Amount":95713.70000000,"Done":false},{"Time":"2019-03-01T00:04:33","Situation":"unknown","Type":"ask","Price":0.31451000,"Amount":55101.60000000,"Done":false},{"Time":"2019-03-01T00:04:33","Situation":"unknown","Type":"ask","Price":0.31574000,"Amount":108531.00000000,"Done":false},{"Time":"2019-03-01T00:04:33","Situation":"unknown","Type":"ask","Price":0.31700000,"Amount":95713.70000000,"Done":false},{"Time":"2019-03-01T00:04:33","Situation":"unknown","Type":"ask","Price":0.31800000,"Amount":289240.90000000,"Done":false},{"Time":"2019-03-01T00:09:35","Situation":"unknown","Type":"ask","Price":0.31490000,"Amount":52537.60000000,"Done":false},{"Time":"2019-03-01T00:09:35","Situation":"unknown","Type":"ask","Price":0.31574000,"Amount":108531.00000000,"Done":false},{"Time":"2019-03-01T00:09:35","Situation":"unknown","Type":"ask","Price":0.31700000,"Amount":95713.70000000,"Done":false},{"Time":"2019-03-01T00:09:35","Situation":"unknown","Type":"ask","Price":0.31800000,"Amount":289240.90000000,"Done":false},{"Time":"2019-03-01T00:14:38","Situation":"unknown","Type":"ask","Price":0.31506000,"Amount":52637.60000000,"Done":false},{"Time":"2019-03-01T00:14:38","Situation":"unknown","Type":"ask","Price":0.31574000,"Amount":108531.00000000,"Done":false},{"Time":"2019-03-01T00:14:38","Situation":"unknown","Type":"ask","Price":0.31700000,"Amount":94713.70000000,"Done":false},{"Time":"2019-03-01T00:14:38","Situation":"unknown","Type":"ask","Price":0.31800000,"Amount":290240.90000000,"Done":false},{"Time":"2019-03-01T00:19:41","Situation":"unknown","Type":"ask","Price":0.31546000,"Amount":58020.70000000,"Done":false},{"Time":"2019-03-01T00:19:41","Situation":"unknown","Type":"ask","Price":0.31687000,"Amount":108531.00000000,"Done":false},{"Time":"2019-03-01T00:19:41","Situation":"unknown","Type":"ask","Price":0.31700000,"Amount":96738.00000000,"Done":false},{"Time":"2019-03-01T00:19:41","Situation":"unknown","Type":"ask","Price":0.31800000,"Amount":290240.90000000,"Done":false},{"Time":"2019-03-01T00:24:44","Situation":"unknown","Type":"ask","Price":0.31586000,"Amount":52537.60000000,"Done":false},{"Time":"2019-03-01T00:24:44","Situation":"unknown","Type":"ask","Price":0.31687000,"Amount":108531.00000000,"Done":false},{"Time":"2019-03-01T00:24:44","Situation":"unknown","Type":"ask","Price":0.31700000,"Amount":96738.00000000,"Done":false},{"Time":"2019-03-01T00:24:44","Situation":"unknown","Type":"ask","Price":0.31800000,"Amount":290944.00000000,"Done":false},{"Time":"2019-03-01T00:29:48","Situation":"unknown","Type":"ask","Price":0.31589000,"Amount":59511.70000000,"Done":false},{"Time":"2019-03-01T00:29:48","Situation":"unknown","Type":"ask","Price":0.31687000,"Amount":108531.00000000,"Done":false},{"Time":"2019-03-01T00:29:48","Situation":"unknown","Type":"ask","Price":0.31700000,"Amount":96738.00000000,"Done":false},{"Time":"2019-03-01T00:29:48","Situation":"unknown","Type":"ask","Price":0.31800000,"Amount":291000.70000000,"Done":false},{"Time":"2019-03-01T00:34:52","Situation":"unknown","Type":"ask","Price":0.31608000,"Amount":52941.50000000,"Done":false},{"Time":"2019-03-01T00:34:52","Situation":"unknown","Type":"ask","Price":0.31687000,"Amount":108531.00000000,"Done":false},{"Time":"2019-03-01T00:34:52","Situation":"unknown","Type":"ask","Price":0.31700000,"Amount":96738.00000000,"Done":false},{"Time":"2019-03-01T00:34:52","Situation":"unknown","Type":"ask","Price":0.31800000,"Amount":291000.70000000,"Done":false},{"Time":"2019-03-01T00:39:55","Situation":"unknown","Type":"ask","Price":0.31687000,"Amount":108531.00000000,"Done":false},{"Time":"2019-03-01T00:39:55","Situation":"unknown","Type":"ask","Price":0.31700000,"Amount":145455.90000000,"Done":false},{"Time":"2019-03-01T00:39:55","Situation":"unknown","Type":"ask","Price":0.31800000,"Amount":301366.90000000,"Done":false},{"Time":"2019-03-01T00:44:55","Situation":"unknown","Type":"ask","Price":0.31500000,"Amount":43243.80000000,"Done":false},{"Time":"2019-03-01T00:44:55","Situation":"unknown","Type":"ask","Price":0.31529000,"Amount":52537.60000000,"Done":false},{"Time":"2019-03-01T00:44:55","Situation":"unknown","Type":"ask","Price":0.31687000,"Amount":108531.00000000,"Done":false},{"Time":"2019-03-01T00:44:55","Situation":"unknown","Type":"ask","Price":0.31700000,"Amount":97097.20000000,"Done":false},{"Time":"2019-03-01T00:44:55","Situation":"unknown","Type":"ask","Price":0.31800000,"Amount":316068.60000000,"Done":false},{"Time":"2019-03-01T00:49:59","Situation":"unknown","Type":"ask","Price":0.31445000,"Amount":52537.60000000,"Done":false},{"Time":"2019-03-01T00:49:59","Situation":"unknown","Type":"ask","Price":0.31687000,"Amount":108531.00000000,"Done":false},{"Time":"2019-03-01T00:49:59","Situation":"unknown","Type":"ask","Price":0.31700000,"Amount":98097.20000000,"Done":false},{"Time":"2019-03-01T00:49:59","Situation":"unknown","Type":"ask","Price":0.31800000,"Amount":302082.10000000,"Done":false},{"Time":"2019-03-01T00:55:00","Situation":"unknown","Type":"ask","Price":0.31521000,"Amount":52537.60000000,"Done":false},{"Time":"2019-03-01T00:55:00","Situation":"unknown","Type":"ask","Price":0.31687000,"Amount":108531.00000000,"Done":false},{"Time":"2019-03-01T00:55:00","Situation":"unknown","Type":"ask","Price":0.31700000,"Amount":97097.20000000,"Done":false},{"Time":"2019-03-01T00:55:00","Situation":"unknown","Type":"ask","Price":0.31800000,"Amount":303082.10000000,"Done":false},{"Time":"2019-03-01T01:00:03","Situation":"unknown","Type":"ask","Price":0.31687000,"Amount":108531.00000000,"Done":false},{"Time":"2019-03-01T01:00:03","Situation":"unknown","Type":"ask","Price":0.31700000,"Amount":98097.20000000,"Done":false},{"Time":"2019-03-01T01:00:03","Situation":"unknown","Type":"ask","Price":0.31800000,"Amount":302082.10000000,"Done":false},{"Time":"2019-03-01T01:05:07","Situation":"unknown","Type":"ask","Price":0.31407000,"Amount":64788.10000000,"Done":false},{"Time":"2019-03-01T01:05:07","Situation":"unknown","Type":"ask","Price":0.31476000,"Amount":105075.20000000,"Done":false},{"Time":"2019-03-01T01:05:07","Situation":"unknown","Type":"ask","Price":0.31687000,"Amount":108531.00000000,"Done":false},{"Time":"2019-03-01T01:05:07","Situation":"unknown","Type":"ask","Price":0.31700000,"Amount":96072.90000000,"Done":false},{"Time":"2019-03-01T01:05:07","Situation":"unknown","Type":"ask","Price":0.31800000,"Amount":302082.10000000,"Done":false},{"Time":"2019-03-01T01:10:09","Situation":"unknown","Type":"ask","Price":0.31593000,"Amount":108531.00000000,"Done":false},{"Time":"2019-03-01T01:10:09","Situation":"unknown","Type":"ask","Price":0.31700000,"Amount":109589.90000000,"Done":false},{"Time":"2019-03-01T01:12:02","Situation":"unknown","Type":"ask","Price":0.31498000,"Amount":108706.00000000,"Done":false},{"Time":"2019-03-01T01:12:02","Situation":"unknown","Type":"ask","Price":0.31700000,"Amount":112939.00000000,"Done":false},{"Time":"2019-03-01T01:17:03","Situation":"unknown","Type":"ask","Price":0.31446000,"Amount":52537.60000000,"Done":false},{"Time":"2019-03-01T01:17:03","Situation":"unknown","Type":"ask","Price":0.31498000,"Amount":108706.00000000,"Done":false},{"Time":"2019-03-01T01:17:03","Situation":"unknown","Type":"ask","Price":0.31700000,"Amount":112939.00000000,"Done":false},{"Time":"2019-03-01T01:22:06","Situation":"unknown","Type":"ask","Price":0.31404000,"Amount":108531.00000000,"Done":false},{"Time":"2019-03-01T01:22:06","Situation":"unknown","Type":"ask","Price":0.31446000,"Amount":52537.60000000,"Done":false},{"Time":"2019-03-01T01:27:10","Situation":"unknown","Type":"ask","Price":0.31236000,"Amount":58098.00000000,"Done":false},{"Time":"2019-03-01T01:27:10","Situation":"unknown","Type":"ask","Price":0.31404000,"Amount":108531.00000000,"Done":false},{"Time":"2019-03-01T01:32:10","Situation":"unknown","Type":"ask","Price":0.31275000,"Amount":51570.70000000,"Done":false},{"Time":"2019-03-01T01:32:10","Situation":"unknown","Type":"ask","Price":0.31404000,"Amount":108531.00000000,"Done":false},{"Time":"2019-03-01T01:37:12","Situation":"unknown","Type":"ask","Price":0.31275000,"Amount":51570.70000000,"Done":false},{"Time":"2019-03-01T01:37:12","Situation":"unknown","Type":"ask","Price":0.31404000,"Amount":108531.00000000,"Done":false},{"Time":"2019-03-01T01:42:13","Situation":"unknown","Type":"ask","Price":0.31312000,"Amount":51673.80000000,"Done":false},{"Time":"2019-03-01T01:42:13","Situation":"unknown","Type":"ask","Price":0.31404000,"Amount":108531.00000000,"Done":false},{"Time":"2019-03-01T01:47:15","Situation":"unknown","Type":"ask","Price":0.31337000,"Amount":51673.80000000,"Done":false},{"Time":"2019-03-01T01:47:15","Situation":"unknown","Type":"ask","Price":0.31404000,"Amount":108531.00000000,"Done":false},{"Time":"2019-03-01T01:52:17","Situation":"unknown","Type":"ask","Price":0.31337000,"Amount":51673.80000000,"Done":false},{"Time":"2019-03-01T01:52:17","Situation":"unknown","Type":"ask","Price":0.31404000,"Amount":108531.00000000,"Done":false},{"Time":"2019-03-01T01:57:20","Situation":"unknown","Type":"ask","Price":0.31337000,"Amount":51673.80000000,"Done":false},{"Time":"2019-03-01T01:57:20","Situation":"unknown","Type":"ask","Price":0.31404000,"Amount":108531.00000000,"Done":false},{"Time":"2019-03-01T01:57:20","Situation":"unknown","Type":"ask","Price":0.31700000,"Amount":98456.80000000,"Done":false},{"Time":"2019-03-01T02:02:22","Situation":"unknown","Type":"ask","Price":0.31362000,"Amount":51873.80000000,"Done":false},{"Time":"2019-03-01T02:02:22","Situation":"unknown","Type":"ask","Price":0.31404000,"Amount":108531.00000000,"Done":false},{"Time":"2019-03-01T02:07:26","Situation":"unknown","Type":"ask","Price":0.31366000,"Amount":51756.30000000,"Done":false},{"Time":"2019-03-01T02:07:26","Situation":"unknown","Type":"ask","Price":0.31504000,"Amount":108565.40000000,"Done":false},{"Time":"2019-03-01T02:07:26","Situation":"unknown","Type":"ask","Price":0.31700000,"Amount":98456.80000000,"Done":false},{"Time":"2019-03-01T02:12:29","Situation":"unknown","Type":"ask","Price":0.31329000,"Amount":51756.30000000,"Done":false},{"Time":"2019-03-01T02:12:29","Situation":"unknown","Type":"ask","Price":0.31504000,"Amount":108565.40000000,"Done":false},{"Time":"2019-03-01T02:17:30","Situation":"unknown","Type":"ask","Price":0.31334000,"Amount":51583.00000000,"Done":false},{"Time":"2019-03-01T02:17:30","Situation":"unknown","Type":"ask","Price":0.31504000,"Amount":108565.40000000,"Done":false},{"Time":"2019-03-01T02:22:32","Situation":"unknown","Type":"ask","Price":0.31359000,"Amount":51560.30000000,"Done":false},{"Time":"2019-03-01T02:22:32","Situation":"unknown","Type":"ask","Price":0.31504000,"Amount":116804.70000000,"Done":false},{"Time":"2019-03-01T02:32:34","Situation":"unknown","Type":"ask","Price":0.31700000,"Amount":98178.80000000,"Done":false},{"Time":"2019-03-01T02:37:38","Situation":"unknown","Type":"ask","Price":0.31555000,"Amount":108531.00000000,"Done":false},{"Time":"2019-03-01T02:37:38","Situation":"unknown","Type":"ask","Price":0.31700000,"Amount":98178.80000000,"Done":false},{"Time":"2019-03-01T02:42:39","Situation":"unknown","Type":"ask","Price":0.31555000,"Amount":108531.00000000,"Done":false},{"Time":"2019-03-01T02:42:39","Situation":"unknown","Type":"ask","Price":0.31607000,"Amount":90000.00000000,"Done":false},{"Time":"2019-03-01T02:42:39","Situation":"unknown","Type":"ask","Price":0.31700000,"Amount":98178.80000000,"Done":false},{"Time":"2019-03-01T02:42:39","Situation":"unknown","Type":"ask","Price":0.31713000,"Amount":90000.00000000,"Done":false},{"Time":"2019-03-01T02:47:40","Situation":"unknown","Type":"ask","Price":0.31555000,"Amount":108531.00000000,"Done":false},{"Time":"2019-03-01T02:47:40","Situation":"unknown","Type":"ask","Price":0.31647000,"Amount":90000.00000000,"Done":false},{"Time":"2019-03-01T02:47:40","Situation":"unknown","Type":"ask","Price":0.31700000,"Amount":98178.80000000,"Done":false},{"Time":"2019-03-01T02:52:40","Situation":"unknown","Type":"ask","Price":0.31555000,"Amount":108531.00000000,"Done":false},{"Time":"2019-03-01T02:52:40","Situation":"unknown","Type":"ask","Price":0.31647000,"Amount":90000.00000000,"Done":false},{"Time":"2019-03-01T02:52:40","Situation":"unknown","Type":"ask","Price":0.31700000,"Amount":98178.80000000,"Done":false},{"Time":"2019-03-01T02:52:40","Situation":"unknown","Type":"ask","Price":0.31753000,"Amount":90046.10000000,"Done":false},{"Time":"2019-03-01T02:57:42","Situation":"unknown","Type":"ask","Price":0.31555000,"Amount":108531.00000000,"Done":false},{"Time":"2019-03-01T02:57:42","Situation":"unknown","Type":"ask","Price":0.31647000,"Amount":90000.00000000,"Done":false},{"Time":"2019-03-01T02:57:42","Situation":"unknown","Type":"ask","Price":0.31700000,"Amount":98178.80000000,"Done":false},{"Time":"2019-03-01T02:57:42","Situation":"unknown","Type":"ask","Price":0.31753000,"Amount":90046.10000000,"Done":false},{"Time":"2019-03-01T03:02:42","Situation":"unknown","Type":"ask","Price":0.31540000,"Amount":90000.00000000,"Done":false},{"Time":"2019-03-01T03:02:42","Situation":"unknown","Type":"ask","Price":0.31564000,"Amount":108531.00000000,"Done":false},{"Time":"2019-03-01T03:07:46","Situation":"unknown","Type":"ask","Price":0.31564000,"Amount":108531.00000000,"Done":false},{"Time":"2019-03-01T03:07:46","Situation":"unknown","Type":"ask","Price":0.31594000,"Amount":90000.00000000,"Done":false},{"Time":"2019-03-01T03:07:46","Situation":"unknown","Type":"ask","Price":0.31700000,"Amount":98178.80000000,"Done":false},{"Time":"2019-03-01T03:07:46","Situation":"unknown","Type":"ask","Price":0.31703000,"Amount":90000.00000000,"Done":false},{"Time":"2019-03-01T03:12:47","Situation":"unknown","Type":"ask","Price":0.31564000,"Amount":108531.00000000,"Done":false},{"Time":"2019-03-01T03:12:47","Situation":"unknown","Type":"ask","Price":0.31594000,"Amount":90000.00000000,"Done":false},{"Time":"2019-03-01T03:12:47","Situation":"unknown","Type":"ask","Price":0.31700000,"Amount":98178.80000000,"Done":false},{"Time":"2019-03-01T03:12:47","Situation":"unknown","Type":"ask","Price":0.31703000,"Amount":90000.00000000,"Done":false},{"Time":"2019-03-01T03:16:11","Situation":"unknown","Type":"ask","Price":0.31670000,"Amount":136557.50000000,"Done":false},{"Time":"2019-03-01T03:16:11","Situation":"unknown","Type":"ask","Price":0.31700000,"Amount":97178.80000000,"Done":false},{"Time":"2019-03-01T03:16:11","Situation":"unknown","Type":"ask","Price":0.31760000,"Amount":90000.00000000,"Done":false},{"Time":"2019-03-01T03:16:11","Situation":"unknown","Type":"ask","Price":0.31800000,"Amount":285323.20000000,"Done":false},{"Time":"2019-03-01T03:21:11","Situation":"unknown","Type":"ask","Price":0.31670000,"Amount":136557.50000000,"Done":false},{"Time":"2019-03-01T03:21:11","Situation":"unknown","Type":"ask","Price":0.31700000,"Amount":100178.80000000,"Done":false},{"Time":"2019-03-01T03:21:11","Situation":"unknown","Type":"ask","Price":0.31760000,"Amount":90000.00000000,"Done":false},{"Time":"2019-03-01T03:21:11","Situation":"unknown","Type":"ask","Price":0.31800000,"Amount":285630.50000000,"Done":false},{"Time":"2019-03-01T03:26:15","Situation":"unknown","Type":"ask","Price":0.31670000,"Amount":109722.20000000,"Done":false},{"Time":"2019-03-01T03:26:15","Situation":"unknown","Type":"ask","Price":0.31700000,"Amount":132427.20000000,"Done":false},{"Time":"2019-03-01T03:26:15","Situation":"unknown","Type":"ask","Price":0.31760000,"Amount":90000.00000000,"Done":false},{"Time":"2019-03-01T03:26:15","Situation":"unknown","Type":"ask","Price":0.31800000,"Amount":285630.50000000,"Done":false},{"Time":"2019-03-01T03:31:16","Situation":"unknown","Type":"ask","Price":0.31700000,"Amount":133927.20000000,"Done":false},{"Time":"2019-03-01T03:31:16","Situation":"unknown","Type":"ask","Price":0.31760000,"Amount":90000.00000000,"Done":false},{"Time":"2019-03-01T03:31:16","Situation":"unknown","Type":"ask","Price":0.31777000,"Amount":108531.00000000,"Done":false},{"Time":"2019-03-01T03:31:16","Situation":"unknown","Type":"ask","Price":0.31800000,"Amount":284630.50000000,"Done":false},{"Time":"2019-03-01T03:36:18","Situation":"unknown","Type":"ask","Price":0.31700000,"Amount":132427.20000000,"Done":false},{"Time":"2019-03-01T03:36:18","Situation":"unknown","Type":"ask","Price":0.31705000,"Amount":90000.00000000,"Done":false},{"Time":"2019-03-01T03:36:18","Situation":"unknown","Type":"ask","Price":0.31777000,"Amount":108531.00000000,"Done":false},{"Time":"2019-03-01T03:36:18","Situation":"unknown","Type":"ask","Price":0.31800000,"Amount":285630.50000000,"Done":false},{"Time":"2019-03-01T03:41:21","Situation":"unknown","Type":"ask","Price":0.31682000,"Amount":108531.00000000,"Done":false},{"Time":"2019-03-01T03:41:21","Situation":"unknown","Type":"ask","Price":0.31700000,"Amount":100678.80000000,"Done":false},{"Time":"2019-03-01T03:41:21","Situation":"unknown","Type":"ask","Price":0.31705000,"Amount":90000.00000000,"Done":false},{"Time":"2019-03-01T03:46:23","Situation":"unknown","Type":"ask","Price":0.31682000,"Amount":108531.00000000,"Done":false},{"Time":"2019-03-01T03:46:23","Situation":"unknown","Type":"ask","Price":0.31696000,"Amount":91050.30000000,"Done":false},{"Time":"2019-03-01T03:46:23","Situation":"unknown","Type":"ask","Price":0.31700000,"Amount":100678.80000000,"Done":false},{"Time":"2019-03-01T03:46:23","Situation":"unknown","Type":"ask","Price":0.31800000,"Amount":285388.30000000,"Done":false},{"Time":"2019-03-01T03:51:25","Situation":"unknown","Type":"ask","Price":0.31682000,"Amount":108531.00000000,"Done":false},{"Time":"2019-03-01T03:51:25","Situation":"unknown","Type":"ask","Price":0.31696000,"Amount":91050.30000000,"Done":false},{"Time":"2019-03-01T03:51:25","Situation":"unknown","Type":"ask","Price":0.31700000,"Amount":100678.80000000,"Done":false},{"Time":"2019-03-01T03:51:25","Situation":"unknown","Type":"ask","Price":0.31800000,"Amount":285388.30000000,"Done":false},{"Time":"2019-03-01T03:56:29","Situation":"unknown","Type":"ask","Price":0.31682000,"Amount":108531.00000000,"Done":false},{"Time":"2019-03-01T03:56:29","Situation":"unknown","Type":"ask","Price":0.31696000,"Amount":91050.30000000,"Done":false},{"Time":"2019-03-01T03:56:29","Situation":"unknown","Type":"ask","Price":0.31700000,"Amount":100678.80000000,"Done":false},{"Time":"2019-03-01T03:56:29","Situation":"unknown","Type":"ask","Price":0.31800000,"Amount":285388.30000000,"Done":false},{"Time":"2019-03-01T03:56:29","Situation":"unknown","Type":"ask","Price":0.31802000,"Amount":90365.30000000,"Done":false},{"Time":"2019-03-01T04:01:32","Situation":"unknown","Type":"ask","Price":0.31682000,"Amount":108531.00000000,"Done":false},{"Time":"2019-03-01T04:01:32","Situation":"unknown","Type":"ask","Price":0.31700000,"Amount":100678.80000000,"Done":false},{"Time":"2019-03-01T04:01:32","Situation":"unknown","Type":"ask","Price":0.31756000,"Amount":90000.00000000,"Done":false},{"Time":"2019-03-01T04:01:32","Situation":"unknown","Type":"ask","Price":0.31800000,"Amount":285388.30000000,"Done":false},{"Time":"2019-03-01T04:06:35","Situation":"unknown","Type":"ask","Price":0.31682000,"Amount":108531.00000000,"Done":false},{"Time":"2019-03-01T04:06:35","Situation":"unknown","Type":"ask","Price":0.31700000,"Amount":100678.80000000,"Done":false},{"Time":"2019-03-01T04:06:35","Situation":"unknown","Type":"ask","Price":0.31756000,"Amount":90000.00000000,"Done":false},{"Time":"2019-03-01T04:06:35","Situation":"unknown","Type":"ask","Price":0.31800000,"Amount":285388.30000000,"Done":false},{"Time":"2019-03-01T04:11:37","Situation":"unknown","Type":"ask","Price":0.31682000,"Amount":108531.00000000,"Done":false},{"Time":"2019-03-01T04:11:37","Situation":"unknown","Type":"ask","Price":0.31700000,"Amount":100678.80000000,"Done":false},{"Time":"2019-03-01T04:11:37","Situation":"unknown","Type":"ask","Price":0.31756000,"Amount":90000.00000000,"Done":false},{"Time":"2019-03-01T04:11:37","Situation":"unknown","Type":"ask","Price":0.31800000,"Amount":285388.30000000,"Done":false},{"Time":"2019-03-01T04:16:40","Situation":"unknown","Type":"ask","Price":0.31682000,"Amount":108531.00000000,"Done":false},{"Time":"2019-03-01T04:16:40","Situation":"unknown","Type":"ask","Price":0.31700000,"Amount":58601.10000000,"Done":false},{"Time":"2019-03-01T04:16:40","Situation":"unknown","Type":"ask","Price":0.31756000,"Amount":90000.00000000,"Done":false},{"Time":"2019-03-01T04:16:40","Situation":"unknown","Type":"ask","Price":0.31800000,"Amount":280074.40000000,"Done":false},{"Time":"2019-03-01T04:21:43","Situation":"unknown","Type":"ask","Price":0.31682000,"Amount":108531.00000000,"Done":false},{"Time":"2019-03-01T04:21:43","Situation":"unknown","Type":"ask","Price":0.31700000,"Amount":58601.10000000,"Done":false},{"Time":"2019-03-01T04:21:43","Situation":"unknown","Type":"ask","Price":0.31756000,"Amount":90000.00000000,"Done":false},{"Time":"2019-03-01T04:21:43","Situation":"unknown","Type":"ask","Price":0.31800000,"Amount":280074.40000000,"Done":false},{"Time":"2019-03-01T04:26:47","Situation":"unknown","Type":"ask","Price":0.31561000,"Amount":54780.70000000,"Done":false},{"Time":"2019-03-01T04:26:47","Situation":"unknown","Type":"ask","Price":0.31700000,"Amount":58601.10000000,"Done":false},{"Time":"2019-03-01T04:26:47","Situation":"unknown","Type":"ask","Price":0.31756000,"Amount":90000.00000000,"Done":false},{"Time":"2019-03-01T04:26:47","Situation":"unknown","Type":"ask","Price":0.31782000,"Amount":108531.00000000,"Done":false},{"Time":"2019-03-01T04:26:47","Situation":"unknown","Type":"ask","Price":0.31800000,"Amount":280074.40000000,"Done":false},{"Time":"2019-03-01T04:31:51","Situation":"unknown","Type":"ask","Price":0.31753000,"Amount":90046.10000000,"Done":false},{"Time":"2019-03-01T04:31:51","Situation":"unknown","Type":"ask","Price":0.31782000,"Amount":108531.00000000,"Done":false},{"Time":"2019-03-01T04:31:51","Situation":"unknown","Type":"ask","Price":0.31800000,"Amount":280074.40000000,"Done":false},{"Time":"2019-03-01T04:36:52","Situation":"unknown","Type":"ask","Price":0.31753000,"Amount":90046.10000000,"Done":false},{"Time":"2019-03-01T04:36:52","Situation":"unknown","Type":"ask","Price":0.31782000,"Amount":108531.00000000,"Done":false},{"Time":"2019-03-01T04:36:52","Situation":"unknown","Type":"ask","Price":0.31800000,"Amount":280074.40000000,"Done":false},{"Time":"2019-03-01T04:41:53","Situation":"unknown","Type":"ask","Price":0.31753000,"Amount":90046.10000000,"Done":false},{"Time":"2019-03-01T04:41:53","Situation":"unknown","Type":"ask","Price":0.31782000,"Amount":108531.00000000,"Done":false},{"Time":"2019-03-01T04:41:53","Situation":"unknown","Type":"ask","Price":0.31800000,"Amount":280074.40000000,"Done":false},{"Time":"2019-03-01T04:46:56","Situation":"unknown","Type":"ask","Price":0.31753000,"Amount":90046.10000000,"Done":false},{"Time":"2019-03-01T04:46:56","Situation":"unknown","Type":"ask","Price":0.31782000,"Amount":108531.00000000,"Done":false},{"Time":"2019-03-01T04:46:56","Situation":"unknown","Type":"ask","Price":0.31800000,"Amount":279914.70000000,"Done":false},{"Time":"2019-03-01T04:46:56","Situation":"unknown","Type":"ask","Price":0.31862000,"Amount":90000.00000000,"Done":false},{"Time":"2019-03-01T04:51:57","Situation":"unknown","Type":"ask","Price":0.31753000,"Amount":90046.10000000,"Done":false},{"Time":"2019-03-01T04:51:57","Situation":"unknown","Type":"ask","Price":0.31782000,"Amount":108531.00000000,"Done":false},{"Time":"2019-03-01T04:51:57","Situation":"unknown","Type":"ask","Price":0.31800000,"Amount":279914.70000000,"Done":false},{"Time":"2019-03-01T04:51:57","Situation":"unknown","Type":"ask","Price":0.31862000,"Amount":90000.00000000,"Done":false},{"Time":"2019-03-01T04:57:01","Situation":"unknown","Type":"ask","Price":0.31753000,"Amount":90046.10000000,"Done":false},{"Time":"2019-03-01T04:57:01","Situation":"unknown","Type":"ask","Price":0.31782000,"Amount":108531.00000000,"Done":false},{"Time":"2019-03-01T04:57:01","Situation":"unknown","Type":"ask","Price":0.31800000,"Amount":284759.50000000,"Done":false},{"Time":"2019-03-01T04:57:01","Situation":"unknown","Type":"ask","Price":0.31862000,"Amount":90000.00000000,"Done":false},{"Time":"2019-03-01T05:02:04","Situation":"unknown","Type":"ask","Price":0.31800000,"Amount":284759.50000000,"Done":false},{"Time":"2019-03-01T05:02:04","Situation":"unknown","Type":"ask","Price":0.31863000,"Amount":90000.00000000,"Done":false},{"Time":"2019-03-01T05:02:04","Situation":"unknown","Type":"ask","Price":0.31879000,"Amount":108531.00000000,"Done":false},{"Time":"2019-03-01T05:07:05","Situation":"unknown","Type":"ask","Price":0.31800000,"Amount":283919.20000000,"Done":false},{"Time":"2019-03-01T05:07:05","Situation":"unknown","Type":"ask","Price":0.31863000,"Amount":90000.00000000,"Done":false},{"Time":"2019-03-01T05:07:05","Situation":"unknown","Type":"ask","Price":0.31879000,"Amount":108531.00000000,"Done":false},{"Time":"2019-03-01T05:12:06","Situation":"unknown","Type":"ask","Price":0.31750000,"Amount":42202.30000000,"Done":false},{"Time":"2019-03-01T05:12:06","Situation":"unknown","Type":"ask","Price":0.31800000,"Amount":283611.90000000,"Done":false},{"Time":"2019-03-01T05:12:06","Situation":"unknown","Type":"ask","Price":0.31863000,"Amount":90000.00000000,"Done":false},{"Time":"2019-03-01T05:12:06","Situation":"unknown","Type":"ask","Price":0.31879000,"Amount":108531.00000000,"Done":false},{"Time":"2019-03-01T05:17:06","Situation":"unknown","Type":"ask","Price":0.31700000,"Amount":68953.00000000,"Done":false},{"Time":"2019-03-01T05:17:06","Situation":"unknown","Type":"ask","Price":0.31720000,"Amount":100000.00000000,"Done":false},{"Time":"2019-03-01T05:17:06","Situation":"unknown","Type":"ask","Price":0.31800000,"Amount":283611.90000000,"Done":false},{"Time":"2019-03-01T05:17:06","Situation":"unknown","Type":"ask","Price":0.31864000,"Amount":90414.90000000,"Done":false},{"Time":"2019-03-01T05:17:06","Situation":"unknown","Type":"ask","Price":0.31879000,"Amount":108531.00000000,"Done":false},{"Time":"2019-03-01T05:22:10","Situation":"unknown","Type":"ask","Price":0.31600000,"Amount":46414.00000000,"Done":false},{"Time":"2019-03-01T05:22:10","Situation":"unknown","Type":"ask","Price":0.31650000,"Amount":108786.90000000,"Done":false},{"Time":"2019-03-01T05:22:10","Situation":"unknown","Type":"ask","Price":0.31700000,"Amount":66490.90000000,"Done":false},{"Time":"2019-03-01T05:22:10","Situation":"unknown","Type":"ask","Price":0.31720000,"Amount":100000.00000000,"Done":false},{"Time":"2019-03-01T05:22:10","Situation":"unknown","Type":"ask","Price":0.31784000,"Amount":108531.00000000,"Done":false},{"Time":"2019-03-01T05:22:10","Situation":"unknown","Type":"ask","Price":0.31800000,"Amount":283088.80000000,"Done":false},{"Time":"2019-03-01T05:22:10","Situation":"unknown","Type":"ask","Price":0.31811000,"Amount":90000.00000000,"Done":false},{"Time":"2019-03-01T05:27:10","Situation":"unknown","Type":"ask","Price":0.31650000,"Amount":109786.90000000,"Done":false},{"Time":"2019-03-01T05:27:10","Situation":"unknown","Type":"ask","Price":0.31700000,"Amount":66490.90000000,"Done":false},{"Time":"2019-03-01T05:27:10","Situation":"unknown","Type":"ask","Price":0.31720000,"Amount":100000.00000000,"Done":false},{"Time":"2019-03-01T05:27:10","Situation":"unknown","Type":"ask","Price":0.31784000,"Amount":108531.00000000,"Done":false},{"Time":"2019-03-01T05:27:10","Situation":"unknown","Type":"ask","Price":0.31800000,"Amount":276385.30000000,"Done":false},{"Time":"2019-03-01T05:27:10","Situation":"unknown","Type":"ask","Price":0.31811000,"Amount":90000.00000000,"Done":false},{"Time":"2019-03-01T05:32:11","Situation":"unknown","Type":"ask","Price":0.31650000,"Amount":109786.90000000,"Done":false},{"Time":"2019-03-01T05:32:11","Situation":"unknown","Type":"ask","Price":0.31700000,"Amount":66490.90000000,"Done":false},{"Time":"2019-03-01T05:32:11","Situation":"unknown","Type":"ask","Price":0.31720000,"Amount":100000.00000000,"Done":false},{"Time":"2019-03-01T05:32:11","Situation":"unknown","Type":"ask","Price":0.31784000,"Amount":108531.00000000,"Done":false},{"Time":"2019-03-01T05:32:11","Situation":"unknown","Type":"ask","Price":0.31800000,"Amount":327453.80000000,"Done":false},{"Time":"2019-03-01T05:32:11","Situation":"unknown","Type":"ask","Price":0.31811000,"Amount":90000.00000000,"Done":false},{"Time":"2019-03-01T05:37:13","Situation":"unknown","Type":"ask","Price":0.31650000,"Amount":108786.90000000,"Done":false},{"Time":"2019-03-01T05:37:13","Situation":"unknown","Type":"ask","Price":0.31700000,"Amount":67211.20000000,"Done":false},{"Time":"2019-03-01T05:37:13","Situation":"unknown","Type":"ask","Price":0.31720000,"Amount":100000.00000000,"Done":false},{"Time":"2019-03-01T05:37:13","Situation":"unknown","Type":"ask","Price":0.31750000,"Amount":111349.30000000,"Done":false},{"Time":"2019-03-01T05:37:13","Situation":"unknown","Type":"ask","Price":0.31784000,"Amount":108531.00000000,"Done":false},{"Time":"2019-03-01T05:37:13","Situation":"unknown","Type":"ask","Price":0.31800000,"Amount":328490.80000000,"Done":false},{"Time":"2019-03-01T05:37:13","Situation":"unknown","Type":"ask","Price":0.31865000,"Amount":90000.00000000,"Done":false},{"Time":"2019-03-01T05:42:16","Situation":"unknown","Type":"ask","Price":0.31650000,"Amount":108786.90000000,"Done":false},{"Time":"2019-03-01T05:42:16","Situation":"unknown","Type":"ask","Price":0.31700000,"Amount":145099.70000000,"Done":false},{"Time":"2019-03-01T05:42:16","Situation":"unknown","Type":"ask","Price":0.31720000,"Amount":100000.00000000,"Done":false},{"Time":"2019-03-01T05:42:16","Situation":"unknown","Type":"ask","Price":0.31750000,"Amount":111349.30000000,"Done":false},{"Time":"2019-03-01T05:42:16","Situation":"unknown","Type":"ask","Price":0.31784000,"Amount":108531.00000000,"Done":false},{"Time":"2019-03-01T05:42:16","Situation":"unknown","Type":"ask","Price":0.31800000,"Amount":328753.40000000,"Done":false},{"Time":"2019-03-01T05:42:16","Situation":"unknown","Type":"ask","Price":0.31865000,"Amount":90000.00000000,"Done":false},{"Time":"2019-03-01T05:47:20","Situation":"unknown","Type":"ask","Price":0.31650000,"Amount":108786.90000000,"Done":false},{"Time":"2019-03-01T05:47:20","Situation":"unknown","Type":"ask","Price":0.31700000,"Amount":145099.70000000,"Done":false},{"Time":"2019-03-01T05:47:20","Situation":"unknown","Type":"ask","Price":0.31720000,"Amount":100000.00000000,"Done":false},{"Time":"2019-03-01T05:47:20","Situation":"unknown","Type":"ask","Price":0.31784000,"Amount":108531.00000000,"Done":false},{"Time":"2019-03-01T05:47:20","Situation":"unknown","Type":"ask","Price":0.31800000,"Amount":327361.50000000,"Done":false},{"Time":"2019-03-01T05:47:20","Situation":"unknown","Type":"ask","Price":0.31804000,"Amount":90000.00000000,"Done":false},{"Time":"2019-03-01T05:52:22","Situation":"unknown","Type":"ask","Price":0.31650000,"Amount":112707.70000000,"Done":false},{"Time":"2019-03-01T05:52:22","Situation":"unknown","Type":"ask","Price":0.31700000,"Amount":145048.80000000,"Done":false},{"Time":"2019-03-01T05:52:22","Situation":"unknown","Type":"ask","Price":0.31720000,"Amount":100252.00000000,"Done":false},{"Time":"2019-03-01T05:52:22","Situation":"unknown","Type":"ask","Price":0.31784000,"Amount":108531.00000000,"Done":false},{"Time":"2019-03-01T05:52:22","Situation":"unknown","Type":"ask","Price":0.31800000,"Amount":327361.50000000,"Done":false},{"Time":"2019-03-01T05:52:22","Situation":"unknown","Type":"ask","Price":0.31804000,"Amount":90000.00000000,"Done":false},{"Time":"2019-03-01T05:57:25","Situation":"unknown","Type":"ask","Price":0.31650000,"Amount":108786.90000000,"Done":false},{"Time":"2019-03-01T05:57:25","Situation":"unknown","Type":"ask","Price":0.31700000,"Amount":145048.80000000,"Done":false},{"Time":"2019-03-01T05:57:25","Situation":"unknown","Type":"ask","Price":0.31720000,"Amount":100252.00000000,"Done":false},{"Time":"2019-03-01T05:57:25","Situation":"unknown","Type":"ask","Price":0.31784000,"Amount":108531.00000000,"Done":false},{"Time":"2019-03-01T05:57:25","Situation":"unknown","Type":"ask","Price":0.31800000,"Amount":327361.50000000,"Done":false},{"Time":"2019-03-01T05:57:25","Situation":"unknown","Type":"ask","Price":0.31804000,"Amount":90000.00000000,"Done":false},{"Time":"2019-03-01T06:02:25","Situation":"unknown","Type":"ask","Price":0.31650000,"Amount":113477.10000000,"Done":false},{"Time":"2019-03-01T06:02:25","Situation":"unknown","Type":"ask","Price":0.31700000,"Amount":150763.10000000,"Done":false},{"Time":"2019-03-01T06:02:25","Situation":"unknown","Type":"ask","Price":0.31720000,"Amount":100000.00000000,"Done":false},{"Time":"2019-03-01T06:02:25","Situation":"unknown","Type":"ask","Price":0.31784000,"Amount":108531.00000000,"Done":false},{"Time":"2019-03-01T06:02:25","Situation":"unknown","Type":"ask","Price":0.31800000,"Amount":327361.50000000,"Done":false},{"Time":"2019-03-01T06:02:25","Situation":"unknown","Type":"ask","Price":0.31804000,"Amount":90000.00000000,"Done":false},{"Time":"2019-03-01T06:07:26","Situation":"unknown","Type":"ask","Price":0.31650000,"Amount":113707.00000000,"Done":false},{"Time":"2019-03-01T06:07:26","Situation":"unknown","Type":"ask","Price":0.31700000,"Amount":153772.70000000,"Done":false},{"Time":"2019-03-01T06:07:26","Situation":"unknown","Type":"ask","Price":0.31720000,"Amount":104284.90000000,"Done":false},{"Time":"2019-03-01T06:07:26","Situation":"unknown","Type":"ask","Price":0.31784000,"Amount":108531.00000000,"Done":false},{"Time":"2019-03-01T06:07:26","Situation":"unknown","Type":"ask","Price":0.31800000,"Amount":327361.50000000,"Done":false},{"Time":"2019-03-01T06:07:26","Situation":"unknown","Type":"ask","Price":0.31804000,"Amount":90000.00000000,"Done":false},{"Time":"2019-03-01T06:12:26","Situation":"unknown","Type":"ask","Price":0.31650000,"Amount":115707.00000000,"Done":false},{"Time":"2019-03-01T06:12:26","Situation":"unknown","Type":"ask","Price":0.31700000,"Amount":150863.10000000,"Done":false},{"Time":"2019-03-01T06:12:26","Situation":"unknown","Type":"ask","Price":0.31720000,"Amount":100285.00000000,"Done":false},{"Time":"2019-03-01T06:12:26","Situation":"unknown","Type":"ask","Price":0.31784000,"Amount":108531.00000000,"Done":false},{"Time":"2019-03-01T06:12:26","Situation":"unknown","Type":"ask","Price":0.31800000,"Amount":327361.50000000,"Done":false},{"Time":"2019-03-01T06:12:26","Situation":"unknown","Type":"ask","Price":0.31804000,"Amount":90000.00000000,"Done":false},{"Time":"2019-03-01T06:17:29","Situation":"unknown","Type":"ask","Price":0.31650000,"Amount":84663.50000000,"Done":false},{"Time":"2019-03-01T06:17:29","Situation":"unknown","Type":"ask","Price":0.31700000,"Amount":156200.00000000,"Done":false},{"Time":"2019-03-01T06:17:29","Situation":"unknown","Type":"ask","Price":0.31720000,"Amount":100000.00000000,"Done":false},{"Time":"2019-03-01T06:17:29","Situation":"unknown","Type":"ask","Price":0.31784000,"Amount":108531.00000000,"Done":false},{"Time":"2019-03-01T06:17:29","Situation":"unknown","Type":"ask","Price":0.31800000,"Amount":327361.50000000,"Done":false},{"Time":"2019-03-01T06:17:29","Situation":"unknown","Type":"ask","Price":0.31804000,"Amount":90000.00000000,"Done":false},{"Time":"2019-03-01T06:22:33","Situation":"unknown","Type":"ask","Price":0.31640000,"Amount":60813.20000000,"Done":false},{"Time":"2019-03-01T06:22:33","Situation":"unknown","Type":"ask","Price":0.31650000,"Amount":84663.50000000,"Done":false},{"Time":"2019-03-01T06:22:33","Situation":"unknown","Type":"ask","Price":0.31700000,"Amount":155479.70000000,"Done":false},{"Time":"2019-03-01T06:22:33","Situation":"unknown","Type":"ask","Price":0.31720000,"Amount":100000.00000000,"Done":false},{"Time":"2019-03-01T06:22:33","Situation":"unknown","Type":"ask","Price":0.31784000,"Amount":108531.00000000,"Done":false},{"Time":"2019-03-01T06:22:33","Situation":"unknown","Type":"ask","Price":0.31800000,"Amount":327361.50000000,"Done":false},{"Time":"2019-03-01T06:22:33","Situation":"unknown","Type":"ask","Price":0.31804000,"Amount":90000.00000000,"Done":false},{"Time":"2019-03-01T06:27:34","Situation":"unknown","Type":"ask","Price":0.31650000,"Amount":84663.50000000,"Done":false},{"Time":"2019-03-01T06:27:34","Situation":"unknown","Type":"ask","Price":0.31700000,"Amount":155479.70000000,"Done":false},{"Time":"2019-03-01T06:27:34","Situation":"unknown","Type":"ask","Price":0.31720000,"Amount":101500.00000000,"Done":false},{"Time":"2019-03-01T06:27:34","Situation":"unknown","Type":"ask","Price":0.31784000,"Amount":108531.00000000,"Done":false},{"Time":"2019-03-01T06:27:34","Situation":"unknown","Type":"ask","Price":0.31800000,"Amount":327361.50000000,"Done":false},{"Time":"2019-03-01T06:27:34","Situation":"unknown","Type":"ask","Price":0.31858000,"Amount":90000.00000000,"Done":false},{"Time":"2019-03-01T06:32:37","Situation":"unknown","Type":"ask","Price":0.31700000,"Amount":165079.70000000,"Done":false},{"Time":"2019-03-01T06:32:37","Situation":"unknown","Type":"ask","Price":0.31720000,"Amount":101484.50000000,"Done":false},{"Time":"2019-03-01T06:32:37","Situation":"unknown","Type":"ask","Price":0.31784000,"Amount":108531.00000000,"Done":false},{"Time":"2019-03-01T06:32:37","Situation":"unknown","Type":"ask","Price":0.31800000,"Amount":327613.50000000,"Done":false},{"Time":"2019-03-01T06:32:37","Situation":"unknown","Type":"ask","Price":0.31858000,"Amount":90000.00000000,"Done":false},{"Time":"2019-03-01T06:32:37","Situation":"unknown","Type":"ask","Price":0.31927000,"Amount":90159.50000000,"Done":false},{"Time":"2019-03-01T06:37:41","Situation":"unknown","Type":"ask","Price":0.31700000,"Amount":165079.70000000,"Done":false},{"Time":"2019-03-01T06:37:41","Situation":"unknown","Type":"ask","Price":0.31720000,"Amount":101386.20000000,"Done":false},{"Time":"2019-03-01T06:37:41","Situation":"unknown","Type":"ask","Price":0.31784000,"Amount":108531.00000000,"Done":false},{"Time":"2019-03-01T06:37:41","Situation":"unknown","Type":"ask","Price":0.31800000,"Amount":326547.00000000,"Done":false},{"Time":"2019-03-01T06:37:41","Situation":"unknown","Type":"ask","Price":0.31858000,"Amount":90000.00000000,"Done":false},{"Time":"2019-03-01T06:42:45","Situation":"unknown","Type":"ask","Price":0.31700000,"Amount":168149.40000000,"Done":false},{"Time":"2019-03-01T06:42:45","Situation":"unknown","Type":"ask","Price":0.31720000,"Amount":101386.20000000,"Done":false},{"Time":"2019-03-01T06:42:45","Situation":"unknown","Type":"ask","Price":0.31784000,"Amount":108783.00000000,"Done":false},{"Time":"2019-03-01T06:42:45","Situation":"unknown","Type":"ask","Price":0.31800000,"Amount":326295.00000000,"Done":false},{"Time":"2019-03-01T06:42:45","Situation":"unknown","Type":"ask","Price":0.31858000,"Amount":90000.00000000,"Done":false},{"Time":"2019-03-01T06:47:48","Situation":"unknown","Type":"ask","Price":0.31700000,"Amount":155705.70000000,"Done":false},{"Time":"2019-03-01T06:47:48","Situation":"unknown","Type":"ask","Price":0.31720000,"Amount":100000.00000000,"Done":false},{"Time":"2019-03-01T06:47:48","Situation":"unknown","Type":"ask","Price":0.31800000,"Amount":331358.60000000,"Done":false},{"Time":"2019-03-01T06:47:48","Situation":"unknown","Type":"ask","Price":0.31858000,"Amount":90000.00000000,"Done":false},{"Time":"2019-03-01T06:47:48","Situation":"unknown","Type":"ask","Price":0.31882000,"Amount":109076.70000000,"Done":false},{"Time":"2019-03-01T06:52:49","Situation":"unknown","Type":"ask","Price":0.31700000,"Amount":156881.10000000,"Done":false},{"Time":"2019-03-01T06:52:49","Situation":"unknown","Type":"ask","Price":0.31720000,"Amount":100881.50000000,"Done":false},{"Time":"2019-03-01T06:52:49","Situation":"unknown","Type":"ask","Price":0.31800000,"Amount":331358.60000000,"Done":false},{"Time":"2019-03-01T06:52:49","Situation":"unknown","Type":"ask","Price":0.31858000,"Amount":90000.00000000,"Done":false},{"Time":"2019-03-01T06:52:49","Situation":"unknown","Type":"ask","Price":0.31882000,"Amount":109076.70000000,"Done":false},{"Time":"2019-03-01T06:57:52","Situation":"unknown","Type":"ask","Price":0.31700000,"Amount":61565.60000000,"Done":false},{"Time":"2019-03-01T06:57:52","Situation":"unknown","Type":"ask","Price":0.31720000,"Amount":106429.00000000,"Done":false},{"Time":"2019-03-01T06:57:52","Situation":"unknown","Type":"ask","Price":0.31800000,"Amount":331358.60000000,"Done":false},{"Time":"2019-03-01T06:57:52","Situation":"unknown","Type":"ask","Price":0.31882000,"Amount":109076.70000000,"Done":false},{"Time":"2019-03-01T06:57:52","Situation":"unknown","Type":"ask","Price":0.31912000,"Amount":90000.00000000,"Done":false},{"Time":"2019-03-01T07:02:56","Situation":"unknown","Type":"ask","Price":0.31720000,"Amount":80348.30000000,"Done":false},{"Time":"2019-03-01T07:02:56","Situation":"unknown","Type":"ask","Price":0.31800000,"Amount":331358.60000000,"Done":false},{"Time":"2019-03-01T07:02:56","Situation":"unknown","Type":"ask","Price":0.31912000,"Amount":90000.00000000,"Done":false},{"Time":"2019-03-01T07:07:57","Situation":"unknown","Type":"ask","Price":0.31720000,"Amount":52591.80000000,"Done":false},{"Time":"2019-03-01T07:07:57","Situation":"unknown","Type":"ask","Price":0.31800000,"Amount":331858.60000000,"Done":false},{"Time":"2019-03-01T07:12:58","Situation":"unknown","Type":"ask","Price":0.31800000,"Amount":335650.20000000,"Done":false},{"Time":"2019-03-01T07:18:00","Situation":"unknown","Type":"ask","Price":0.31800000,"Amount":332711.60000000,"Done":false},{"Time":"2019-03-01T07:23:02","Situation":"unknown","Type":"ask","Price":0.31800000,"Amount":332711.60000000,"Done":false},{"Time":"2019-03-01T07:28:05","Situation":"unknown","Type":"ask","Price":0.31707000,"Amount":135945.70000000,"Done":false},{"Time":"2019-03-01T07:28:05","Situation":"unknown","Type":"ask","Price":0.31800000,"Amount":332748.60000000,"Done":false},{"Time":"2019-03-01T07:33:09","Situation":"unknown","Type":"ask","Price":0.31800000,"Amount":332998.60000000,"Done":false},{"Time":"2019-03-01T07:33:09","Situation":"unknown","Type":"ask","Price":0.31891000,"Amount":108917.00000000,"Done":false},{"Time":"2019-03-01T07:38:09","Situation":"unknown","Type":"ask","Price":0.31800000,"Amount":332961.60000000,"Done":false},{"Time":"2019-03-01T07:38:09","Situation":"unknown","Type":"ask","Price":0.31891000,"Amount":108917.00000000,"Done":false},{"Time":"2019-03-01T07:43:12","Situation":"unknown","Type":"ask","Price":0.31800000,"Amount":141216.30000000,"Done":false},{"Time":"2019-03-01T07:43:12","Situation":"unknown","Type":"ask","Price":0.32012000,"Amount":112531.00000000,"Done":false},{"Time":"2019-03-01T07:48:14","Situation":"unknown","Type":"ask","Price":0.31900000,"Amount":143128.40000000,"Done":false},{"Time":"2019-03-01T07:48:14","Situation":"unknown","Type":"ask","Price":0.32000000,"Amount":67557.10000000,"Done":false},{"Time":"2019-03-01T07:48:14","Situation":"unknown","Type":"ask","Price":0.32012000,"Amount":112531.00000000,"Done":false},{"Time":"2019-03-01T07:48:14","Situation":"unknown","Type":"ask","Price":0.32095000,"Amount":49030.30000000,"Done":false},{"Time":"2019-03-01T07:53:14","Situation":"unknown","Type":"ask","Price":0.32000000,"Amount":67604.40000000,"Done":false},{"Time":"2019-03-01T07:53:14","Situation":"unknown","Type":"ask","Price":0.32095000,"Amount":49030.30000000,"Done":false},{"Time":"2019-03-01T07:53:14","Situation":"unknown","Type":"ask","Price":0.32200000,"Amount":117016.60000000,"Done":false},{"Time":"2019-03-01T07:53:14","Situation":"unknown","Type":"ask","Price":0.32216000,"Amount":98320.20000000,"Done":false},{"Time":"2019-03-01T07:53:14","Situation":"unknown","Type":"ask","Price":0.32222000,"Amount":108531.00000000,"Done":false},{"Time":"2019-03-01T07:55:51","Situation":"unknown","Type":"ask","Price":0.32200000,"Amount":110143.70000000,"Done":false},{"Time":"2019-03-01T07:55:51","Situation":"unknown","Type":"ask","Price":0.32216000,"Amount":98320.20000000,"Done":false},{"Time":"2019-03-01T07:55:51","Situation":"unknown","Type":"ask","Price":0.32360000,"Amount":133117.80000000,"Done":false},{"Time":"2019-03-01T07:55:51","Situation":"unknown","Type":"ask","Price":0.32400000,"Amount":41445.80000000,"Done":false},{"Time":"2019-03-01T07:55:51","Situation":"unknown","Type":"ask","Price":0.32486000,"Amount":80542.00000000,"Done":false},{"Time":"2019-03-01T07:55:51","Situation":"unknown","Type":"ask","Price":0.32500000,"Amount":172127.80000000,"Done":false},{"Time":"2019-03-01T07:55:51","Situation":"unknown","Type":"ask","Price":0.32502000,"Amount":274621.40000000,"Done":false},{"Time":"2019-03-01T08:00:53","Situation":"unknown","Type":"ask","Price":0.32400000,"Amount":55962.80000000,"Done":false},{"Time":"2019-03-01T08:00:53","Situation":"unknown","Type":"ask","Price":0.32410000,"Amount":108531.00000000,"Done":false},{"Time":"2019-03-01T08:00:53","Situation":"unknown","Type":"ask","Price":0.32486000,"Amount":80542.00000000,"Done":false},{"Time":"2019-03-01T08:00:53","Situation":"unknown","Type":"ask","Price":0.32500000,"Amount":195342.10000000,"Done":false},{"Time":"2019-03-01T08:00:53","Situation":"unknown","Type":"ask","Price":0.32502000,"Amount":274621.40000000,"Done":false},{"Time":"2019-03-01T08:04:34","Situation":"unknown","Type":"ask","Price":0.32313000,"Amount":108531.00000000,"Done":false},{"Time":"2019-03-01T08:04:34","Situation":"unknown","Type":"ask","Price":0.32400000,"Amount":40703.90000000,"Done":false},{"Time":"2019-03-01T08:04:34","Situation":"unknown","Type":"ask","Price":0.32486000,"Amount":80542.00000000,"Done":false},{"Time":"2019-03-01T08:04:34","Situation":"unknown","Type":"ask","Price":0.32500000,"Amount":195342.10000000,"Done":false},{"Time":"2019-03-01T08:04:34","Situation":"unknown","Type":"ask","Price":0.32502000,"Amount":274621.40000000,"Done":false},{"Time":"2019-03-01T08:09:36","Situation":"unknown","Type":"ask","Price":0.32217000,"Amount":108531.00000000,"Done":false},{"Time":"2019-03-01T08:09:36","Situation":"unknown","Type":"ask","Price":0.32486000,"Amount":80542.00000000,"Done":false},{"Time":"2019-03-01T08:09:36","Situation":"unknown","Type":"ask","Price":0.32500000,"Amount":195342.10000000,"Done":false},{"Time":"2019-03-01T08:09:36","Situation":"unknown","Type":"ask","Price":0.32502000,"Amount":274621.40000000,"Done":false},{"Time":"2019-03-01T08:14:39","Situation":"unknown","Type":"ask","Price":0.32217000,"Amount":108531.00000000,"Done":false},{"Time":"2019-03-01T08:14:39","Situation":"unknown","Type":"ask","Price":0.32486000,"Amount":80542.00000000,"Done":false},{"Time":"2019-03-01T08:14:39","Situation":"unknown","Type":"ask","Price":0.32500000,"Amount":171846.80000000,"Done":false},{"Time":"2019-03-01T08:14:39","Situation":"unknown","Type":"ask","Price":0.32502000,"Amount":274621.40000000,"Done":false},{"Time":"2019-03-01T08:19:39","Situation":"unknown","Type":"ask","Price":0.32217000,"Amount":108531.00000000,"Done":false},{"Time":"2019-03-01T08:19:39","Situation":"unknown","Type":"ask","Price":0.32486000,"Amount":80542.00000000,"Done":false},{"Time":"2019-03-01T08:19:39","Situation":"unknown","Type":"ask","Price":0.32500000,"Amount":171846.80000000,"Done":false},{"Time":"2019-03-01T08:19:39","Situation":"unknown","Type":"ask","Price":0.32502000,"Amount":274621.40000000,"Done":false},{"Time":"2019-03-01T08:24:41","Situation":"unknown","Type":"ask","Price":0.32217000,"Amount":108531.00000000,"Done":false},{"Time":"2019-03-01T08:24:41","Situation":"unknown","Type":"ask","Price":0.32486000,"Amount":80542.00000000,"Done":false},{"Time":"2019-03-01T08:24:41","Situation":"unknown","Type":"ask","Price":0.32500000,"Amount":170999.00000000,"Done":false},{"Time":"2019-03-01T08:24:41","Situation":"unknown","Type":"ask","Price":0.32502000,"Amount":274621.40000000,"Done":false},{"Time":"2019-03-01T08:29:44","Situation":"unknown","Type":"ask","Price":0.32217000,"Amount":108531.00000000,"Done":false},{"Time":"2019-03-01T08:34:48","Situation":"unknown","Type":"ask","Price":0.31973000,"Amount":40100.70000000,"Done":false},{"Time":"2019-03-01T08:34:48","Situation":"unknown","Type":"ask","Price":0.32217000,"Amount":108531.00000000,"Done":false},{"Time":"2019-03-01T08:39:50","Situation":"unknown","Type":"ask","Price":0.32100000,"Amount":107086.00000000,"Done":false},{"Time":"2019-03-01T08:39:50","Situation":"unknown","Type":"ask","Price":0.32121000,"Amount":108531.00000000,"Done":false},{"Time":"2019-03-01T08:44:54","Situation":"unknown","Type":"ask","Price":0.32100000,"Amount":107322.90000000,"Done":false},{"Time":"2019-03-01T08:44:54","Situation":"unknown","Type":"ask","Price":0.32121000,"Amount":108531.00000000,"Done":false},{"Time":"2019-03-01T08:49:56","Situation":"unknown","Type":"ask","Price":0.32100000,"Amount":106322.90000000,"Done":false},{"Time":"2019-03-01T08:49:56","Situation":"unknown","Type":"ask","Price":0.32121000,"Amount":108531.00000000,"Done":false},{"Time":"2019-03-01T08:49:56","Situation":"unknown","Type":"ask","Price":0.32450000,"Amount":42170.60000000,"Done":false},{"Time":"2019-03-01T08:54:58","Situation":"unknown","Type":"ask","Price":0.32100000,"Amount":106086.00000000,"Done":false},{"Time":"2019-03-01T08:54:58","Situation":"unknown","Type":"ask","Price":0.32121000,"Amount":108531.00000000,"Done":false},{"Time":"2019-03-01T08:54:58","Situation":"unknown","Type":"ask","Price":0.32450000,"Amount":42170.60000000,"Done":false},{"Time":"2019-03-01T09:00:02","Situation":"unknown","Type":"ask","Price":0.31996000,"Amount":73598.80000000,"Done":false},{"Time":"2019-03-01T09:00:02","Situation":"unknown","Type":"ask","Price":0.32100000,"Amount":106086.00000000,"Done":false},{"Time":"2019-03-01T09:00:02","Situation":"unknown","Type":"ask","Price":0.32121000,"Amount":108531.00000000,"Done":false},{"Time":"2019-03-01T09:05:05","Situation":"unknown","Type":"ask","Price":0.32100000,"Amount":105621.30000000,"Done":false},{"Time":"2019-03-01T09:05:05","Situation":"unknown","Type":"ask","Price":0.32226000,"Amount":108531.00000000,"Done":false},{"Time":"2019-03-01T09:05:05","Situation":"unknown","Type":"ask","Price":0.32486000,"Amount":80542.00000000,"Done":false},{"Time":"2019-03-01T09:05:05","Situation":"unknown","Type":"ask","Price":0.32500000,"Amount":169099.40000000,"Done":false},{"Time":"2019-03-01T09:10:08","Situation":"unknown","Type":"ask","Price":0.32100000,"Amount":105621.30000000,"Done":false},{"Time":"2019-03-01T09:10:08","Situation":"unknown","Type":"ask","Price":0.32143000,"Amount":108531.00000000,"Done":false},{"Time":"2019-03-01T09:10:08","Situation":"unknown","Type":"ask","Price":0.32400000,"Amount":54282.80000000,"Done":false},{"Time":"2019-03-01T09:15:12","Situation":"unknown","Type":"ask","Price":0.32241000,"Amount":108531.00000000,"Done":false},{"Time":"2019-03-01T09:15:12","Situation":"unknown","Type":"ask","Price":0.32400000,"Amount":55282.80000000,"Done":false},{"Time":"2019-03-01T09:15:12","Situation":"unknown","Type":"ask","Price":0.32486000,"Amount":80542.00000000,"Done":false},{"Time":"2019-03-01T09:15:12","Situation":"unknown","Type":"ask","Price":0.32500000,"Amount":169764.00000000,"Done":false},{"Time":"2019-03-01T09:15:12","Situation":"unknown","Type":"ask","Price":0.32502000,"Amount":274621.40000000,"Done":false},{"Time":"2019-03-01T09:20:13","Situation":"unknown","Type":"ask","Price":0.32100000,"Amount":242520.10000000,"Done":false},{"Time":"2019-03-01T09:20:13","Situation":"unknown","Type":"ask","Price":0.32241000,"Amount":108531.00000000,"Done":false},{"Time":"2019-03-01T09:20:13","Situation":"unknown","Type":"ask","Price":0.32400000,"Amount":54282.80000000,"Done":false},{"Time":"2019-03-01T09:20:13","Situation":"unknown","Type":"ask","Price":0.32486000,"Amount":80542.00000000,"Done":false},{"Time":"2019-03-01T09:25:15","Situation":"unknown","Type":"ask","Price":0.32241000,"Amount":108531.00000000,"Done":false},{"Time":"2019-03-01T09:25:15","Situation":"unknown","Type":"ask","Price":0.32486000,"Amount":80542.00000000,"Done":false},{"Time":"2019-03-01T09:25:15","Situation":"unknown","Type":"ask","Price":0.32500000,"Amount":169764.00000000,"Done":false},{"Time":"2019-03-01T09:25:15","Situation":"unknown","Type":"ask","Price":0.32502000,"Amount":274621.40000000,"Done":false},{"Time":"2019-03-01T09:30:15","Situation":"unknown","Type":"ask","Price":0.32241000,"Amount":108531.00000000,"Done":false},{"Time":"2019-03-01T09:30:15","Situation":"unknown","Type":"ask","Price":0.32400000,"Amount":40765.80000000,"Done":false},{"Time":"2019-03-01T09:30:15","Situation":"unknown","Type":"ask","Price":0.32486000,"Amount":80542.00000000,"Done":false},{"Time":"2019-03-01T09:30:15","Situation":"unknown","Type":"ask","Price":0.32500000,"Amount":169764.00000000,"Done":false},{"Time":"2019-03-01T09:30:15","Situation":"unknown","Type":"ask","Price":0.32502000,"Amount":274621.40000000,"Done":false},{"Time":"2019-03-01T09:35:15","Situation":"unknown","Type":"ask","Price":0.32241000,"Amount":108531.00000000,"Done":false},{"Time":"2019-03-01T09:35:15","Situation":"unknown","Type":"ask","Price":0.32400000,"Amount":40765.80000000,"Done":false},{"Time":"2019-03-01T09:35:15","Situation":"unknown","Type":"ask","Price":0.32486000,"Amount":80542.00000000,"Done":false},{"Time":"2019-03-01T09:35:15","Situation":"unknown","Type":"ask","Price":0.32500000,"Amount":169764.00000000,"Done":false},{"Time":"2019-03-01T09:35:15","Situation":"unknown","Type":"ask","Price":0.32502000,"Amount":274621.40000000,"Done":false},{"Time":"2019-03-01T09:40:17","Situation":"unknown","Type":"ask","Price":0.32241000,"Amount":108531.00000000,"Done":false},{"Time":"2019-03-01T09:40:17","Situation":"unknown","Type":"ask","Price":0.32400000,"Amount":40765.80000000,"Done":false},{"Time":"2019-03-01T09:40:17","Situation":"unknown","Type":"ask","Price":0.32486000,"Amount":80542.00000000,"Done":false},{"Time":"2019-03-01T09:40:17","Situation":"unknown","Type":"ask","Price":0.32500000,"Amount":169597.50000000,"Done":false},{"Time":"2019-03-01T09:40:17","Situation":"unknown","Type":"ask","Price":0.32502000,"Amount":274621.40000000,"Done":false},{"Time":"2019-03-01T09:45:19","Situation":"unknown","Type":"ask","Price":0.32241000,"Amount":108531.00000000,"Done":false},{"Time":"2019-03-01T09:50:19","Situation":"unknown","Type":"ask","Price":0.32241000,"Amount":108531.00000000,"Done":false},{"Time":"2019-03-01T09:55:19","Situation":"unknown","Type":"ask","Price":0.32241000,"Amount":108531.00000000,"Done":false},{"Time":"2019-03-01T10:20:30","Situation":"unknown","Type":"ask","Price":0.32151000,"Amount":112531.00000000,"Done":false},{"Time":"2019-03-01T10:25:34","Situation":"unknown","Type":"ask","Price":0.32151000,"Amount":112531.00000000,"Done":false},{"Time":"2019-03-01T10:30:34","Situation":"unknown","Type":"ask","Price":0.32151000,"Amount":112531.00000000,"Done":false},{"Time":"2019-03-01T10:35:36","Situation":"unknown","Type":"ask","Price":0.32151000,"Amount":112531.00000000,"Done":false},{"Time":"2019-03-01T10:40:37","Situation":"unknown","Type":"ask","Price":0.32151000,"Amount":112531.00000000,"Done":false},{"Time":"2019-03-01T10:45:39","Situation":"unknown","Type":"ask","Price":0.32151000,"Amount":112531.00000000,"Done":false},{"Time":"2019-03-01T10:50:42","Situation":"unknown","Type":"ask","Price":0.32151000,"Amount":112531.00000000,"Done":false},{"Time":"2019-03-01T10:55:43","Situation":"unknown","Type":"ask","Price":0.32151000,"Amount":112531.00000000,"Done":false},{"Time":"2019-03-01T11:00:43","Situation":"unknown","Type":"ask","Price":0.32151000,"Amount":112531.00000000,"Done":false},{"Time":"2019-03-01T11:00:43","Situation":"unknown","Type":"ask","Price":0.32486000,"Amount":80542.00000000,"Done":false},{"Time":"2019-03-01T11:00:43","Situation":"unknown","Type":"ask","Price":0.32500000,"Amount":94807.80000000,"Done":false},{"Time":"2019-03-01T11:00:43","Situation":"unknown","Type":"ask","Price":0.32502000,"Amount":274621.40000000,"Done":false},{"Time":"2019-03-01T11:05:44","Situation":"unknown","Type":"ask","Price":0.32151000,"Amount":112531.00000000,"Done":false},{"Time":"2019-03-01T11:10:45","Situation":"unknown","Type":"ask","Price":0.32151000,"Amount":112531.00000000,"Done":false},{"Time":"2019-03-01T11:15:49","Situation":"unknown","Type":"ask","Price":0.32151000,"Amount":112531.00000000,"Done":false},{"Time":"2019-03-01T11:20:53","Situation":"unknown","Type":"ask","Price":0.32000000,"Amount":74061.40000000,"Done":false},{"Time":"2019-03-01T11:20:53","Situation":"unknown","Type":"ask","Price":0.32151000,"Amount":112531.00000000,"Done":false},{"Time":"2019-03-01T11:25:55","Situation":"unknown","Type":"ask","Price":0.32000000,"Amount":74061.40000000,"Done":false},{"Time":"2019-03-01T11:25:55","Situation":"unknown","Type":"ask","Price":0.32055000,"Amount":108531.00000000,"Done":false},{"Time":"2019-03-01T11:30:55","Situation":"unknown","Type":"ask","Price":0.32055000,"Amount":108531.00000000,"Done":false},{"Time":"2019-03-01T11:35:58","Situation":"unknown","Type":"ask","Price":0.32055000,"Amount":108531.00000000,"Done":false},{"Time":"2019-03-01T11:40:59","Situation":"unknown","Type":"ask","Price":0.32055000,"Amount":108531.00000000,"Done":false},{"Time":"2019-03-01T11:46:02","Situation":"unknown","Type":"ask","Price":0.32055000,"Amount":108531.00000000,"Done":false},{"Time":"2019-03-01T11:50:59","Situation":"unknown","Type":"ask","Price":0.31750000,"Amount":69628.10000000,"Done":false},{"Time":"2019-03-01T11:50:59","Situation":"unknown","Type":"ask","Price":0.32055000,"Amount":108531.00000000,"Done":false},{"Time":"2019-03-01T11:55:59","Situation":"unknown","Type":"ask","Price":0.31750000,"Amount":55253.50000000,"Done":false},{"Time":"2019-03-01T11:55:59","Situation":"unknown","Type":"ask","Price":0.31800000,"Amount":100200.00000000,"Done":false},{"Time":"2019-03-01T11:55:59","Situation":"unknown","Type":"ask","Price":0.31960000,"Amount":108531.00000000,"Done":false},{"Time":"2019-03-01T12:00:59","Situation":"unknown","Type":"ask","Price":0.31800000,"Amount":98441.00000000,"Done":false},{"Time":"2019-03-01T12:00:59","Situation":"unknown","Type":"ask","Price":0.32061000,"Amount":108531.00000000,"Done":false},{"Time":"2019-03-01T12:06:00","Situation":"unknown","Type":"ask","Price":0.31785000,"Amount":68996.70000000,"Done":false},{"Time":"2019-03-01T12:06:00","Situation":"unknown","Type":"ask","Price":0.31800000,"Amount":51285.40000000,"Done":false},{"Time":"2019-03-01T12:06:00","Situation":"unknown","Type":"ask","Price":0.32061000,"Amount":108531.00000000,"Done":false},{"Time":"2019-03-01T12:11:00","Situation":"unknown","Type":"ask","Price":0.32061000,"Amount":108531.00000000,"Done":false},{"Time":"2019-03-01T12:16:04","Situation":"unknown","Type":"ask","Price":0.32061000,"Amount":108531.00000000,"Done":false},{"Time":"2019-03-01T12:21:05","Situation":"unknown","Type":"ask","Price":0.32061000,"Amount":108531.00000000,"Done":false},{"Time":"2019-03-01T12:26:08","Situation":"unknown","Type":"ask","Price":0.32061000,"Amount":108531.00000000,"Done":false},{"Time":"2019-03-01T12:31:09","Situation":"unknown","Type":"ask","Price":0.32061000,"Amount":108531.00000000,"Done":false},{"Time":"2019-03-01T12:36:09","Situation":"unknown","Type":"ask","Price":0.31800000,"Amount":69175.50000000,"Done":false},{"Time":"2019-03-01T12:36:09","Situation":"unknown","Type":"ask","Price":0.32061000,"Amount":108531.00000000,"Done":false},{"Time":"2019-03-01T12:41:12","Situation":"unknown","Type":"ask","Price":0.32061000,"Amount":108531.00000000,"Done":false},{"Time":"2019-03-01T12:46:15","Situation":"unknown","Type":"ask","Price":0.31800000,"Amount":75374.60000000,"Done":false},{"Time":"2019-03-01T12:46:15","Situation":"unknown","Type":"ask","Price":0.32061000,"Amount":108531.00000000,"Done":false},{"Time":"2019-03-01T12:51:17","Situation":"unknown","Type":"ask","Price":0.32061000,"Amount":108531.00000000,"Done":false},{"Time":"2019-03-01T12:56:18","Situation":"unknown","Type":"ask","Price":0.32061000,"Amount":108531.00000000,"Done":false},{"Time":"2019-03-01T13:01:21","Situation":"unknown","Type":"ask","Price":0.32194000,"Amount":108531.00000000,"Done":false},{"Time":"2019-03-01T13:06:06","Situation":"unknown","Type":"ask","Price":0.32098000,"Amount":108531.00000000,"Done":false},{"Time":"2019-03-01T13:11:10","Situation":"unknown","Type":"ask","Price":0.31997000,"Amount":108531.00000000,"Done":false},{"Time":"2019-03-01T13:16:13","Situation":"unknown","Type":"ask","Price":0.31997000,"Amount":108531.00000000,"Done":false},{"Time":"2019-03-01T13:21:13","Situation":"unknown","Type":"ask","Price":0.31997000,"Amount":108531.00000000,"Done":false},{"Time":"2019-03-01T13:26:15","Situation":"unknown","Type":"ask","Price":0.31997000,"Amount":108531.00000000,"Done":false},{"Time":"2019-03-01T13:31:17","Situation":"unknown","Type":"ask","Price":0.32094000,"Amount":108531.00000000,"Done":false},{"Time":"2019-03-01T13:36:21","Situation":"unknown","Type":"ask","Price":0.31850000,"Amount":45900.30000000,"Done":false},{"Time":"2019-03-01T13:36:21","Situation":"unknown","Type":"ask","Price":0.32094000,"Amount":108531.00000000,"Done":false},{"Time":"2019-03-01T13:41:21","Situation":"unknown","Type":"ask","Price":0.32094000,"Amount":108531.00000000,"Done":false},{"Time":"2019-03-01T13:46:21","Situation":"unknown","Type":"ask","Price":0.32094000,"Amount":108531.00000000,"Done":false},{"Time":"2019-03-01T13:51:24","Situation":"unknown","Type":"ask","Price":0.32094000,"Amount":115932.00000000,"Done":false},{"Time":"2019-03-01T13:54:50","Situation":"unknown","Type":"ask","Price":0.32094000,"Amount":108531.00000000,"Done":false},{"Time":"2019-03-01T13:59:50","Situation":"unknown","Type":"ask","Price":0.32195000,"Amount":108531.00000000,"Done":false},{"Time":"2019-03-01T13:59:50","Situation":"unknown","Type":"ask","Price":0.32200000,"Amount":40308.70000000,"Done":false},{"Time":"2019-03-01T14:04:52","Situation":"unknown","Type":"ask","Price":0.32195000,"Amount":108531.00000000,"Done":false},{"Time":"2019-03-01T14:09:52","Situation":"unknown","Type":"ask","Price":0.32099000,"Amount":108578.00000000,"Done":false},{"Time":"2019-03-01T14:09:52","Situation":"unknown","Type":"ask","Price":0.32200000,"Amount":40308.70000000,"Done":false},{"Time":"2019-03-01T14:14:53","Situation":"unknown","Type":"ask","Price":0.32099000,"Amount":108578.00000000,"Done":false},{"Time":"2019-03-01T14:14:53","Situation":"unknown","Type":"ask","Price":0.32200000,"Amount":48970.20000000,"Done":false},{"Time":"2019-03-01T14:19:57","Situation":"unknown","Type":"ask","Price":0.32099000,"Amount":108578.00000000,"Done":false},{"Time":"2019-03-01T14:19:57","Situation":"unknown","Type":"ask","Price":0.32200000,"Amount":57949.90000000,"Done":false},{"Time":"2019-03-01T14:24:57","Situation":"unknown","Type":"ask","Price":0.32099000,"Amount":108578.00000000,"Done":false},{"Time":"2019-03-01T14:24:57","Situation":"unknown","Type":"ask","Price":0.32200000,"Amount":62736.80000000,"Done":false},{"Time":"2019-03-01T14:29:57","Situation":"unknown","Type":"ask","Price":0.32199000,"Amount":108531.00000000,"Done":false},{"Time":"2019-03-01T14:29:57","Situation":"unknown","Type":"ask","Price":0.32200000,"Amount":48801.20000000,"Done":false},{"Time":"2019-03-01T14:29:57","Situation":"unknown","Type":"ask","Price":0.32400000,"Amount":42081.80000000,"Done":false},{"Time":"2019-03-01T14:35:00","Situation":"unknown","Type":"ask","Price":0.32199000,"Amount":108531.00000000,"Done":false},{"Time":"2019-03-01T14:35:00","Situation":"unknown","Type":"ask","Price":0.32200000,"Amount":48179.90000000,"Done":false},{"Time":"2019-03-01T14:40:02","Situation":"unknown","Type":"ask","Price":0.32199000,"Amount":108531.00000000,"Done":false},{"Time":"2019-03-01T14:40:02","Situation":"unknown","Type":"ask","Price":0.32200000,"Amount":48240.50000000,"Done":false},{"Time":"2019-03-01T14:45:02","Situation":"unknown","Type":"ask","Price":0.32199000,"Amount":108531.00000000,"Done":false},{"Time":"2019-03-01T14:45:02","Situation":"unknown","Type":"ask","Price":0.32200000,"Amount":48240.50000000,"Done":false},{"Time":"2019-03-01T14:50:02","Situation":"unknown","Type":"ask","Price":0.32199000,"Amount":108531.00000000,"Done":false},{"Time":"2019-03-01T14:50:02","Situation":"unknown","Type":"ask","Price":0.32200000,"Amount":48277.20000000,"Done":false},{"Time":"2019-03-01T14:55:05","Situation":"unknown","Type":"ask","Price":0.32199000,"Amount":108531.00000000,"Done":false},{"Time":"2019-03-01T14:55:05","Situation":"unknown","Type":"ask","Price":0.32200000,"Amount":49277.20000000,"Done":false},{"Time":"2019-03-01T15:00:05","Situation":"unknown","Type":"ask","Price":0.32200000,"Amount":40889.50000000,"Done":false},{"Time":"2019-03-01T15:05:09","Situation":"unknown","Type":"ask","Price":0.32200000,"Amount":40828.90000000,"Done":false},{"Time":"2019-03-01T15:05:09","Situation":"unknown","Type":"ask","Price":0.32311000,"Amount":108531.00000000,"Done":false},{"Time":"2019-03-01T15:10:11","Situation":"unknown","Type":"ask","Price":0.32200000,"Amount":40828.90000000,"Done":false},{"Time":"2019-03-01T15:10:11","Situation":"unknown","Type":"ask","Price":0.32311000,"Amount":108531.00000000,"Done":false},{"Time":"2019-03-01T15:10:11","Situation":"unknown","Type":"ask","Price":0.32400000,"Amount":40481.00000000,"Done":false},{"Time":"2019-03-01T15:15:11","Situation":"unknown","Type":"ask","Price":0.32088000,"Amount":47810.30000000,"Done":false},{"Time":"2019-03-01T15:15:11","Situation":"unknown","Type":"ask","Price":0.32200000,"Amount":40828.90000000,"Done":false},{"Time":"2019-03-01T15:15:11","Situation":"unknown","Type":"ask","Price":0.32240000,"Amount":114849.00000000,"Done":false},{"Time":"2019-03-01T15:20:11","Situation":"unknown","Type":"ask","Price":0.32088000,"Amount":47810.30000000,"Done":false},{"Time":"2019-03-01T15:20:11","Situation":"unknown","Type":"ask","Price":0.32200000,"Amount":40828.90000000,"Done":false},{"Time":"2019-03-01T15:20:11","Situation":"unknown","Type":"ask","Price":0.32240000,"Amount":114849.00000000,"Done":false},{"Time":"2019-03-01T15:25:15","Situation":"unknown","Type":"ask","Price":0.32240000,"Amount":114849.00000000,"Done":false},{"Time":"2019-03-01T15:30:19","Situation":"unknown","Type":"ask","Price":0.32240000,"Amount":114849.00000000,"Done":false},{"Time":"2019-03-01T15:30:19","Situation":"unknown","Type":"ask","Price":0.32400000,"Amount":44682.60000000,"Done":false},{"Time":"2019-03-01T15:35:23","Situation":"unknown","Type":"ask","Price":0.32240000,"Amount":114849.00000000,"Done":false},{"Time":"2019-03-01T15:40:26","Situation":"unknown","Type":"ask","Price":0.32240000,"Amount":114849.00000000,"Done":false},{"Time":"2019-03-01T15:45:30","Situation":"unknown","Type":"ask","Price":0.32250000,"Amount":103681.60000000,"Done":false},{"Time":"2019-03-01T15:45:30","Situation":"unknown","Type":"ask","Price":0.32338000,"Amount":108531.00000000,"Done":false},{"Time":"2019-03-01T15:45:30","Situation":"unknown","Type":"ask","Price":0.32400000,"Amount":40481.00000000,"Done":false},{"Time":"2019-03-01T15:50:31","Situation":"unknown","Type":"ask","Price":0.32250000,"Amount":101930.50000000,"Done":false},{"Time":"2019-03-01T15:50:31","Situation":"unknown","Type":"ask","Price":0.32338000,"Amount":108531.00000000,"Done":false},{"Time":"2019-03-01T15:55:34","Situation":"unknown","Type":"ask","Price":0.32250000,"Amount":101930.50000000,"Done":false},{"Time":"2019-03-01T15:55:34","Situation":"unknown","Type":"ask","Price":0.32338000,"Amount":108531.00000000,"Done":false},{"Time":"2019-03-01T16:00:37","Situation":"unknown","Type":"ask","Price":0.32250000,"Amount":101930.50000000,"Done":false},{"Time":"2019-03-01T16:00:37","Situation":"unknown","Type":"ask","Price":0.32338000,"Amount":108531.00000000,"Done":false},{"Time":"2019-03-01T16:05:41","Situation":"unknown","Type":"ask","Price":0.32250000,"Amount":101930.50000000,"Done":false},{"Time":"2019-03-01T16:05:41","Situation":"unknown","Type":"ask","Price":0.32338000,"Amount":108531.00000000,"Done":false},{"Time":"2019-03-01T16:10:42","Situation":"unknown","Type":"ask","Price":0.32250000,"Amount":101132.70000000,"Done":false},{"Time":"2019-03-01T16:10:42","Situation":"unknown","Type":"ask","Price":0.32338000,"Amount":108531.00000000,"Done":false},{"Time":"2019-03-01T16:15:43","Situation":"unknown","Type":"ask","Price":0.32486000,"Amount":80581.90000000,"Done":false},{"Time":"2019-03-01T16:15:43","Situation":"unknown","Type":"ask","Price":0.32500000,"Amount":65256.40000000,"Done":false},{"Time":"2019-03-01T16:15:43","Situation":"unknown","Type":"ask","Price":0.32502000,"Amount":274621.40000000,"Done":false},{"Time":"2019-03-01T16:15:43","Situation":"unknown","Type":"ask","Price":0.32536000,"Amount":108531.00000000,"Done":false},{"Time":"2019-03-01T16:20:47","Situation":"unknown","Type":"ask","Price":0.32486000,"Amount":80581.90000000,"Done":false},{"Time":"2019-03-01T16:20:47","Situation":"unknown","Type":"ask","Price":0.32500000,"Amount":65256.40000000,"Done":false},{"Time":"2019-03-01T16:20:47","Situation":"unknown","Type":"ask","Price":0.32502000,"Amount":274621.40000000,"Done":false},{"Time":"2019-03-01T16:20:47","Situation":"unknown","Type":"ask","Price":0.32536000,"Amount":108531.00000000,"Done":false},{"Time":"2019-03-01T16:23:55","Situation":"unknown","Type":"ask","Price":0.32439000,"Amount":108531.00000000,"Done":false},{"Time":"2019-03-01T16:23:55","Situation":"unknown","Type":"ask","Price":0.32486000,"Amount":80581.90000000,"Done":false},{"Time":"2019-03-01T16:23:55","Situation":"unknown","Type":"ask","Price":0.32500000,"Amount":64256.40000000,"Done":false},{"Time":"2019-03-01T16:23:55","Situation":"unknown","Type":"ask","Price":0.32502000,"Amount":274621.40000000,"Done":false},{"Time":"2019-03-01T16:28:55","Situation":"unknown","Type":"ask","Price":0.32341000,"Amount":108531.00000000,"Done":false},{"Time":"2019-03-01T16:28:55","Situation":"unknown","Type":"ask","Price":0.32486000,"Amount":80581.90000000,"Done":false},{"Time":"2019-03-01T16:28:55","Situation":"unknown","Type":"ask","Price":0.32500000,"Amount":64256.40000000,"Done":false},{"Time":"2019-03-01T16:28:55","Situation":"unknown","Type":"ask","Price":0.32502000,"Amount":274621.40000000,"Done":false},{"Time":"2019-03-01T16:33:58","Situation":"unknown","Type":"ask","Price":0.32341000,"Amount":108531.00000000,"Done":false},{"Time":"2019-03-01T16:33:58","Situation":"unknown","Type":"ask","Price":0.32486000,"Amount":80581.90000000,"Done":false},{"Time":"2019-03-01T16:38:59","Situation":"unknown","Type":"ask","Price":0.32341000,"Amount":108531.00000000,"Done":false},{"Time":"2019-03-01T16:44:00","Situation":"unknown","Type":"ask","Price":0.32341000,"Amount":108531.00000000,"Done":false},{"Time":"2019-03-01T16:44:00","Situation":"unknown","Type":"ask","Price":0.32486000,"Amount":80581.90000000,"Done":false},{"Time":"2019-03-01T16:44:00","Situation":"unknown","Type":"ask","Price":0.32500000,"Amount":132389.30000000,"Done":false},{"Time":"2019-03-01T16:44:00","Situation":"unknown","Type":"ask","Price":0.32502000,"Amount":274621.40000000,"Done":false},{"Time":"2019-03-01T16:48:27","Situation":"unknown","Type":"ask","Price":0.32442000,"Amount":108531.00000000,"Done":false},{"Time":"2019-03-01T16:48:27","Situation":"unknown","Type":"ask","Price":0.32486000,"Amount":82133.40000000,"Done":false},{"Time":"2019-03-01T16:48:27","Situation":"unknown","Type":"ask","Price":0.32500000,"Amount":57432.00000000,"Done":false},{"Time":"2019-03-01T16:48:27","Situation":"unknown","Type":"ask","Price":0.32502000,"Amount":274621.40000000,"Done":false},{"Time":"2019-03-01T16:53:29","Situation":"unknown","Type":"ask","Price":0.32300000,"Amount":83227.70000000,"Done":false},{"Time":"2019-03-01T16:53:29","Situation":"unknown","Type":"ask","Price":0.32442000,"Amount":108531.00000000,"Done":false},{"Time":"2019-03-01T16:53:29","Situation":"unknown","Type":"ask","Price":0.32486000,"Amount":80581.90000000,"Done":false},{"Time":"2019-03-01T16:53:29","Situation":"unknown","Type":"ask","Price":0.32500000,"Amount":62432.00000000,"Done":false},{"Time":"2019-03-01T16:53:29","Situation":"unknown","Type":"ask","Price":0.32502000,"Amount":274621.40000000,"Done":false},{"Time":"2019-03-01T16:58:32","Situation":"unknown","Type":"ask","Price":0.32442000,"Amount":108531.00000000,"Done":false},{"Time":"2019-03-01T16:58:32","Situation":"unknown","Type":"ask","Price":0.32486000,"Amount":80581.90000000,"Done":false},{"Time":"2019-03-01T16:58:32","Situation":"unknown","Type":"ask","Price":0.32500000,"Amount":62432.00000000,"Done":false},{"Time":"2019-03-01T17:03:32","Situation":"unknown","Type":"ask","Price":0.32442000,"Amount":108531.00000000,"Done":false},{"Time":"2019-03-01T17:03:32","Situation":"unknown","Type":"ask","Price":0.32486000,"Amount":80581.90000000,"Done":false},{"Time":"2019-03-01T17:03:32","Situation":"unknown","Type":"ask","Price":0.32500000,"Amount":64369.50000000,"Done":false},{"Time":"2019-03-01T17:03:32","Situation":"unknown","Type":"ask","Price":0.32502000,"Amount":274621.40000000,"Done":false},{"Time":"2019-03-01T17:08:32","Situation":"unknown","Type":"ask","Price":0.32442000,"Amount":108531.00000000,"Done":false}