{"OrderBookAsks":[{"Time":"2019-02-28T20:54:15","Situation":"unknown","Type":"ask","Price":3826.53000000,"Amount":11.00000000,"Done":false},{"Time":"2019-02-28T20:59:15","Situation":"unknown","Type":"ask","Price":3826.53000000,"Amount":11.00000000,"Done":false},{"Time":"2019-02-28T20:59:15","Situation":"unknown","Type":"ask","Price":3832.00000000,"Amount":13.12014100,"Done":false},{"Time":"2019-02-28T21:04:19","Situation":"unknown","Type":"ask","Price":3822.65000000,"Amount":11.00000000,"Done":false},{"Time":"2019-02-28T21:04:19","Situation":"unknown","Type":"ask","Price":3832.00000000,"Amount":13.12014100,"Done":false},{"Time":"2019-02-28T21:04:19","Situation":"unknown","Type":"ask","Price":3834.78000000,"Amount":11.00000000,"Done":false},{"Time":"2019-02-28T21:09:23","Situation":"unknown","Type":"ask","Price":3826.59000000,"Amount":11.00000000,"Done":false},{"Time":"2019-02-28T21:09:23","Situation":"unknown","Type":"ask","Price":3832.00000000,"Amount":13.12014100,"Done":false},{"Time":"2019-02-28T21:09:23","Situation":"unknown","Type":"ask","Price":3838.63000000,"Amount":11.00000000,"Done":false},{"Time":"2019-02-28T21:14:26","Situation":"unknown","Type":"ask","Price":3826.59000000,"Amount":11.00000000,"Done":false},{"Time":"2019-02-28T21:14:26","Situation":"unknown","Type":"ask","Price":3832.00000000,"Amount":13.12014100,"Done":false},{"Time":"2019-02-28T21:14:26","Situation":"unknown","Type":"ask","Price":3838.63000000,"Amount":11.00000000,"Done":false},{"Time":"2019-02-28T21:19:27","Situation":"unknown","Type":"ask","Price":3830.49000000,"Amount":11.00000000,"Done":false},{"Time":"2019-02-28T21:19:27","Situation":"unknown","Type":"ask","Price":3832.00000000,"Amount":13.12014100,"Done":false},{"Time":"2019-02-28T21:19:27","Situation":"unknown","Type":"ask","Price":3838.63000000,"Amount":11.00000000,"Done":false},{"Time":"2019-02-28T21:24:28","Situation":"unknown","Type":"ask","Price":3832.00000000,"Amount":13.12014100,"Done":false},{"Time":"2019-02-28T21:24:28","Situation":"unknown","Type":"ask","Price":3832.58000000,"Amount":11.00000000,"Done":false},{"Time":"2019-02-28T21:29:28","Situation":"unknown","Type":"ask","Price":3832.00000000,"Amount":13.12014100,"Done":false},{"Time":"2019-02-28T21:29:28","Situation":"unknown","Type":"ask","Price":3832.58000000,"Amount":11.00000000,"Done":false},{"Time":"2019-02-28T21:34:31","Situation":"unknown","Type":"ask","Price":3832.00000000,"Amount":13.12014100,"Done":false},{"Time":"2019-02-28T21:34:31","Situation":"unknown","Type":"ask","Price":3832.58000000,"Amount":11.00000000,"Done":false},{"Time":"2019-02-28T21:39:31","Situation":"unknown","Type":"ask","Price":3832.00000000,"Amount":13.12014100,"Done":false},{"Time":"2019-02-28T21:39:31","Situation":"unknown","Type":"ask","Price":3832.58000000,"Amount":11.00000000,"Done":false},{"Time":"2019-02-28T21:44:33","Situation":"unknown","Type":"ask","Price":3832.00000000,"Amount":13.12014100,"Done":false},{"Time":"2019-02-28T21:44:33","Situation":"unknown","Type":"ask","Price":3832.58000000,"Amount":11.00000000,"Done":false},{"Time":"2019-02-28T21:49:33","Situation":"unknown","Type":"ask","Price":3828.12000000,"Amount":11.00000000,"Done":false},{"Time":"2019-02-28T21:49:33","Situation":"unknown","Type":"ask","Price":3832.00000000,"Amount":13.12014100,"Done":false},{"Time":"2019-02-28T21:54:33","Situation":"unknown","Type":"ask","Price":3832.00000000,"Amount":13.12014100,"Done":false},{"Time":"2019-02-28T21:59:37","Situation":"unknown","Type":"ask","Price":3832.00000000,"Amount":13.02014100,"Done":false},{"Time":"2019-02-28T22:04:39","Situation":"unknown","Type":"ask","Price":3832.00000000,"Amount":13.02014100,"Done":false},{"Time":"2019-02-28T22:09:40","Situation":"unknown","Type":"ask","Price":3832.00000000,"Amount":13.02014100,"Done":false},{"Time":"2019-02-28T22:14:40","Situation":"unknown","Type":"ask","Price":3820.00000000,"Amount":12.13764300,"Done":false},{"Time":"2019-02-28T22:19:41","Situation":"unknown","Type":"ask","Price":3820.00000000,"Amount":12.26853300,"Done":false},{"Time":"2019-02-28T22:24:43","Situation":"unknown","Type":"ask","Price":3820.00000000,"Amount":15.11568300,"Done":false},{"Time":"2019-02-28T22:29:44","Situation":"unknown","Type":"ask","Price":3820.00000000,"Amount":15.11568300,"Done":false},{"Time":"2019-02-28T22:34:47","Situation":"unknown","Type":"ask","Price":3820.00000000,"Amount":14.92267000,"Done":false},{"Time":"2019-02-28T22:39:49","Situation":"unknown","Type":"ask","Price":3820.00000000,"Amount":14.92267000,"Done":false},{"Time":"2019-02-28T22:44:49","Situation":"unknown","Type":"ask","Price":3820.00000000,"Amount":14.92713100,"Done":false},{"Time":"2019-02-28T22:49:52","Situation":"unknown","Type":"ask","Price":3820.00000000,"Amount":14.92713100,"Done":false},{"Time":"2019-02-28T23:04:58","Situation":"unknown","Type":"ask","Price":3820.74000000,"Amount":14.70000000,"Done":false},{"Time":"2019-02-28T23:04:58","Situation":"unknown","Type":"ask","Price":3820.90000000,"Amount":14.60000000,"Done":false},{"Time":"2019-02-28T23:10:00","Situation":"unknown","Type":"ask","Price":3832.00000000,"Amount":13.02014100,"Done":false},{"Time":"2019-02-28T23:15:03","Situation":"unknown","Type":"ask","Price":3825.68000000,"Amount":14.80000000,"Done":false},{"Time":"2019-02-28T23:15:03","Situation":"unknown","Type":"ask","Price":3830.00000000,"Amount":12.52758600,"Done":false},{"Time":"2019-02-28T23:15:03","Situation":"unknown","Type":"ask","Price":3832.00000000,"Amount":13.02014100,"Done":false},{"Time":"2019-02-28T23:20:06","Situation":"unknown","Type":"ask","Price":3830.00000000,"Amount":12.52758600,"Done":false},{"Time":"2019-02-28T23:20:06","Situation":"unknown","Type":"ask","Price":3832.00000000,"Amount":13.02014100,"Done":false},{"Time":"2019-02-28T23:25:09","Situation":"unknown","Type":"ask","Price":3830.00000000,"Amount":11.56975300,"Done":false},{"Time":"2019-02-28T23:25:09","Situation":"unknown","Type":"ask","Price":3832.00000000,"Amount":13.02014100,"Done":false},{"Time":"2019-02-28T23:30:13","Situation":"unknown","Type":"ask","Price":3830.00000000,"Amount":11.56975300,"Done":false},{"Time":"2019-02-28T23:35:16","Situation":"unknown","Type":"ask","Price":3830.00000000,"Amount":11.56975300,"Done":false},{"Time":"2019-02-28T23:40:18","Situation":"unknown","Type":"ask","Price":3830.00000000,"Amount":11.56975300,"Done":false},{"Time":"2019-02-28T23:40:18","Situation":"unknown","Type":"ask","Price":3832.00000000,"Amount":13.02014100,"Done":false},{"Time":"2019-02-28T23:45:22","Situation":"unknown","Type":"ask","Price":3816.38000000,"Amount":14.30000000,"Done":false},{"Time":"2019-02-28T23:45:22","Situation":"unknown","Type":"ask","Price":3828.02000000,"Amount":11.50000000,"Done":false},{"Time":"2019-02-28T23:45:22","Situation":"unknown","Type":"ask","Price":3829.02000000,"Amount":11.50000000,"Done":false},{"Time":"2019-02-28T23:45:22","Situation":"unknown","Type":"ask","Price":3830.00000000,"Amount":11.56975300,"Done":false},{"Time":"2019-02-28T23:50:23","Situation":"unknown","Type":"ask","Price":3828.02000000,"Amount":11.50000000,"Done":false},{"Time":"2019-02-28T23:50:23","Situation":"unknown","Type":"ask","Price":3829.02000000,"Amount":11.50000000,"Done":false},{"Time":"2019-02-28T23:50:23","Situation":"unknown","Type":"ask","Price":3830.00000000,"Amount":11.35900100,"Done":false},{"Time":"2019-02-28T23:50:23","Situation":"unknown","Type":"ask","Price":3832.00000000,"Amount":13.02014100,"Done":false},{"Time":"2019-02-28T23:55:24","Situation":"unknown","Type":"ask","Price":3828.02000000,"Amount":11.50000000,"Done":false},{"Time":"2019-02-28T23:55:24","Situation":"unknown","Type":"ask","Price":3829.02000000,"Amount":11.50000000,"Done":false},{"Time":"2019-02-28T23:55:24","Situation":"unknown","Type":"ask","Price":3830.00000000,"Amount":11.35900100,"Done":false},{"Time":"2019-03-01T00:00:27","Situation":"unknown","Type":"ask","Price":3828.02000000,"Amount":11.50000000,"Done":false},{"Time":"2019-03-01T00:00:27","Situation":"unknown","Type":"ask","Price":3829.02000000,"Amount":11.50000000,"Done":false},{"Time":"2019-03-01T00:00:27","Situation":"unknown","Type":"ask","Price":3830.00000000,"Amount":11.35900100,"Done":false},{"Time":"2019-03-01T00:05:28","Situation":"unknown","Type":"ask","Price":3817.29000000,"Amount":17.65709700,"Done":false},{"Time":"2019-03-01T00:05:28","Situation":"unknown","Type":"ask","Price":3828.02000000,"Amount":11.50000000,"Done":false},{"Time":"2019-03-01T00:05:28","Situation":"unknown","Type":"ask","Price":3829.02000000,"Amount":11.50000000,"Done":false},{"Time":"2019-03-01T00:05:28","Situation":"unknown","Type":"ask","Price":3830.00000000,"Amount":11.36213800,"Done":false},{"Time":"2019-03-01T00:10:29","Situation":"unknown","Type":"ask","Price":3828.02000000,"Amount":11.50000000,"Done":false},{"Time":"2019-03-01T00:10:29","Situation":"unknown","Type":"ask","Price":3829.02000000,"Amount":11.50000000,"Done":false},{"Time":"2019-03-01T00:10:29","Situation":"unknown","Type":"ask","Price":3830.00000000,"Amount":11.36213800,"Done":false},{"Time":"2019-03-01T00:10:29","Situation":"unknown","Type":"ask","Price":3832.00000000,"Amount":13.02014100,"Done":false},{"Time":"2019-03-01T00:15:33","Situation":"unknown","Type":"ask","Price":3828.02000000,"Amount":11.50000000,"Done":false},{"Time":"2019-03-01T00:15:33","Situation":"unknown","Type":"ask","Price":3829.02000000,"Amount":11.50000000,"Done":false},{"Time":"2019-03-01T00:15:33","Situation":"unknown","Type":"ask","Price":3830.00000000,"Amount":11.36213800,"Done":false},{"Time":"2019-03-01T00:15:33","Situation":"unknown","Type":"ask","Price":3832.00000000,"Amount":13.02014100,"Done":false},{"Time":"2019-03-01T00:20:34","Situation":"unknown","Type":"ask","Price":3828.02000000,"Amount":11.50000000,"Done":false},{"Time":"2019-03-01T00:20:34","Situation":"unknown","Type":"ask","Price":3829.02000000,"Amount":11.50000000,"Done":false},{"Time":"2019-03-01T00:20:34","Situation":"unknown","Type":"ask","Price":3830.00000000,"Amount":11.36213800,"Done":false},{"Time":"2019-03-01T00:20:34","Situation":"unknown","Type":"ask","Price":3832.00000000,"Amount":13.02014100,"Done":false},{"Time":"2019-03-01T00:25:34","Situation":"unknown","Type":"ask","Price":3828.02000000,"Amount":11.50000000,"Done":false},{"Time":"2019-03-01T00:25:34","Situation":"unknown","Type":"ask","Price":3829.02000000,"Amount":11.50000000,"Done":false},{"Time":"2019-03-01T00:25:34","Situation":"unknown","Type":"ask","Price":3830.00000000,"Amount":11.36213800,"Done":false},{"Time":"2019-03-01T00:25:34","Situation":"unknown","Type":"ask","Price":3832.00000000,"Amount":13.02014100,"Done":false},{"Time":"2019-03-01T00:30:36","Situation":"unknown","Type":"ask","Price":3828.02000000,"Amount":11.50000000,"Done":false},{"Time":"2019-03-01T00:30:36","Situation":"unknown","Type":"ask","Price":3829.02000000,"Amount":11.50000000,"Done":false},{"Time":"2019-03-01T00:30:36","Situation":"unknown","Type":"ask","Price":3830.00000000,"Amount":11.36213800,"Done":false},{"Time":"2019-03-01T00:30:36","Situation":"unknown","Type":"ask","Price":3832.00000000,"Amount":13.02014100,"Done":false},{"Time":"2019-03-01T00:35:39","Situation":"unknown","Type":"ask","Price":3828.02000000,"Amount":11.50000000,"Done":false},{"Time":"2019-03-01T00:35:39","Situation":"unknown","Type":"ask","Price":3829.02000000,"Amount":11.50000000,"Done":false},{"Time":"2019-03-01T00:35:39","Situation":"unknown","Type":"ask","Price":3830.00000000,"Amount":11.36213800,"Done":false},{"Time":"2019-03-01T00:35:39","Situation":"unknown","Type":"ask","Price":3832.00000000,"Amount":13.02014100,"Done":false},{"Time":"2019-03-01T00:40:39","Situation":"unknown","Type":"ask","Price":3828.02000000,"Amount":11.50000000,"Done":false},{"Time":"2019-03-01T00:40:39","Situation":"unknown","Type":"ask","Price":3829.02000000,"Amount":11.50000000,"Done":false},{"Time":"2019-03-01T00:40:39","Situation":"unknown","Type":"ask","Price":3830.00000000,"Amount":11.36213800,"Done":false},{"Time":"2019-03-01T00:40:39","Situation":"unknown","Type":"ask","Price":3832.00000000,"Amount":13.02014100,"Done":false},{"Time":"2019-03-01T00:45:40","Situation":"unknown","Type":"ask","Price":3828.02000000,"Amount":11.50000000,"Done":false},{"Time":"2019-03-01T00:45:40","Situation":"unknown","Type":"ask","Price":3829.02000000,"Amount":11.50000000,"Done":false},{"Time":"2019-03-01T00:45:40","Situation":"unknown","Type":"ask","Price":3830.00000000,"Amount":11.36213800,"Done":false},{"Time":"2019-03-01T00:45:40","Situation":"unknown","Type":"ask","Price":3832.00000000,"Amount":13.02014100,"Done":false},{"Time":"2019-03-01T00:50:42","Situation":"unknown","Type":"ask","Price":3828.02000000,"Amount":11.50000000,"Done":false},{"Time":"2019-03-01T00:50:42","Situation":"unknown","Type":"ask","Price":3829.02000000,"Amount":11.50000000,"Done":false},{"Time":"2019-03-01T00:50:42","Situation":"unknown","Type":"ask","Price":3830.00000000,"Amount":11.36213800,"Done":false},{"Time":"2019-03-01T00:50:42","Situation":"unknown","Type":"ask","Price":3832.00000000,"Amount":13.02014100,"Done":false},{"Time":"2019-03-01T00:55:42","Situation":"unknown","Type":"ask","Price":3828.02000000,"Amount":11.50000000,"Done":false},{"Time":"2019-03-01T00:55:42","Situation":"unknown","Type":"ask","Price":3829.02000000,"Amount":11.50000000,"Done":false},{"Time":"2019-03-01T00:55:42","Situation":"unknown","Type":"ask","Price":3830.00000000,"Amount":11.36213800,"Done":false},{"Time":"2019-03-01T00:55:42","Situation":"unknown","Type":"ask","Price":3832.00000000,"Amount":13.02014100,"Done":false},{"Time":"2019-03-01T01:00:46","Situation":"unknown","Type":"ask","Price":3820.52000000,"Amount":19.10000000,"Done":false},{"Time":"2019-03-01T01:00:46","Situation":"unknown","Type":"ask","Price":3828.02000000,"Amount":11.50000000,"Done":false},{"Time":"2019-03-01T01:00:46","Situation":"unknown","Type":"ask","Price":3829.02000000,"Amount":11.50000000,"Done":false},{"Time":"2019-03-01T01:00:46","Situation":"unknown","Type":"ask","Price":3830.00000000,"Amount":11.38496500,"Done":false},{"Time":"2019-03-01T01:00:46","Situation":"unknown","Type":"ask","Price":3832.00000000,"Amount":13.02014100,"Done":false},{"Time":"2019-03-01T01:05:47","Situation":"unknown","Type":"ask","Price":3820.00000000,"Amount":10.00000000,"Done":false},{"Time":"2019-03-01T01:05:47","Situation":"unknown","Type":"ask","Price":3828.02000000,"Amount":11.50000000,"Done":false},{"Time":"2019-03-01T01:05:47","Situation":"unknown","Type":"ask","Price":3829.02000000,"Amount":11.50000000,"Done":false},{"Time":"2019-03-01T01:05:47","Situation":"unknown","Type":"ask","Price":3830.00000000,"Amount":11.38496500,"Done":false},{"Time":"2019-03-01T01:05:47","Situation":"unknown","Type":"ask","Price":3832.00000000,"Amount":13.02014100,"Done":false},{"Time":"2019-03-01T01:10:50","Situation":"unknown","Type":"ask","Price":3820.00000000,"Amount":10.43022600,"Done":false},{"Time":"2019-03-01T01:10:50","Situation":"unknown","Type":"ask","Price":3828.02000000,"Amount":11.50000000,"Done":false},{"Time":"2019-03-01T01:10:50","Situation":"unknown","Type":"ask","Price":3829.02000000,"Amount":11.50000000,"Done":false},{"Time":"2019-03-01T01:10:50","Situation":"unknown","Type":"ask","Price":3830.00000000,"Amount":11.38496500,"Done":false},{"Time":"2019-03-01T01:10:50","Situation":"unknown","Type":"ask","Price":3832.00000000,"Amount":13.02014100,"Done":false},{"Time":"2019-03-01T01:15:52","Situation":"unknown","Type":"ask","Price":3820.00000000,"Amount":10.23204200,"Done":false},{"Time":"2019-03-01T01:15:52","Situation":"unknown","Type":"ask","Price":3828.02000000,"Amount":11.50000000,"Done":false},{"Time":"2019-03-01T01:15:52","Situation":"unknown","Type":"ask","Price":3829.02000000,"Amount":11.50000000,"Done":false},{"Time":"2019-03-01T01:15:52","Situation":"unknown","Type":"ask","Price":3830.00000000,"Amount":11.38496500,"Done":false},{"Time":"2019-03-01T01:15:52","Situation":"unknown","Type":"ask","Price":3832.00000000,"Amount":13.02014100,"Done":false},{"Time":"2019-03-01T01:20:52","Situation":"unknown","Type":"ask","Price":3820.00000000,"Amount":10.01388600,"Done":false},{"Time":"2019-03-01T01:20:52","Situation":"unknown","Type":"ask","Price":3828.02000000,"Amount":11.50000000,"Done":false},{"Time":"2019-03-01T01:20:52","Situation":"unknown","Type":"ask","Price":3829.02000000,"Amount":11.50000000,"Done":false},{"Time":"2019-03-01T01:20:52","Situation":"unknown","Type":"ask","Price":3830.00000000,"Amount":11.38496500,"Done":false},{"Time":"2019-03-01T01:25:55","Situation":"unknown","Type":"ask","Price":3820.00000000,"Amount":10.01388600,"Done":false},{"Time":"2019-03-01T01:25:55","Situation":"unknown","Type":"ask","Price":3828.02000000,"Amount":11.50000000,"Done":false},{"Time":"2019-03-01T01:25:55","Situation":"unknown","Type":"ask","Price":3829.02000000,"Amount":11.50000000,"Done":false},{"Time":"2019-03-01T01:25:55","Situation":"unknown","Type":"ask","Price":3830.00000000,"Amount":11.38496500,"Done":false},{"Time":"2019-03-01T01:30:59","Situation":"unknown","Type":"ask","Price":3820.00000000,"Amount":10.00000000,"Done":false},{"Time":"2019-03-01T01:30:59","Situation":"unknown","Type":"ask","Price":3828.02000000,"Amount":11.50000000,"Done":false},{"Time":"2019-03-01T01:30:59","Situation":"unknown","Type":"ask","Price":3829.02000000,"Amount":11.50000000,"Done":false},{"Time":"2019-03-01T01:36:03","Situation":"unknown","Type":"ask","Price":3828.02000000,"Amount":11.50000000,"Done":false},{"Time":"2019-03-01T01:36:03","Situation":"unknown","Type":"ask","Price":3829.02000000,"Amount":11.50000000,"Done":false},{"Time":"2019-03-01T01:36:03","Situation":"unknown","Type":"ask","Price":3830.00000000,"Amount":11.38496500,"Done":false},{"Time":"2019-03-01T01:36:03","Situation":"unknown","Type":"ask","Price":3832.00000000,"Amount":13.02014100,"Done":false},{"Time":"2019-03-01T01:41:06","Situation":"unknown","Type":"ask","Price":3828.02000000,"Amount":11.50000000,"Done":false},{"Time":"2019-03-01T01:41:06","Situation":"unknown","Type":"ask","Price":3829.02000000,"Amount":11.50000000,"Done":false},{"Time":"2019-03-01T01:41:06","Situation":"unknown","Type":"ask","Price":3830.00000000,"Amount":11.38841900,"Done":false},{"Time":"2019-03-01T01:41:06","Situation":"unknown","Type":"ask","Price":3832.00000000,"Amount":13.02014100,"Done":false},{"Time":"2019-03-01T01:41:06","Situation":"unknown","Type":"ask","Price":3835.05000000,"Amount":16.00000000,"Done":false},{"Time":"2019-03-01T01:46:08","Situation":"unknown","Type":"ask","Price":3827.45000000,"Amount":17.10000000,"Done":false},{"Time":"2019-03-01T01:46:08","Situation":"unknown","Type":"ask","Price":3829.02000000,"Amount":11.50000000,"Done":false},{"Time":"2019-03-01T01:46:08","Situation":"unknown","Type":"ask","Price":3830.00000000,"Amount":16.88829500,"Done":false},{"Time":"2019-03-01T01:46:08","Situation":"unknown","Type":"ask","Price":3832.00000000,"Amount":13.02014100,"Done":false},{"Time":"2019-03-01T01:51:11","Situation":"unknown","Type":"ask","Price":3829.02000000,"Amount":11.83216900,"Done":false},{"Time":"2019-03-01T01:51:11","Situation":"unknown","Type":"ask","Price":3830.00000000,"Amount":15.77690100,"Done":false},{"Time":"2019-03-01T01:51:11","Situation":"unknown","Type":"ask","Price":3832.00000000,"Amount":13.02014100,"Done":false},{"Time":"2019-03-01T01:56:15","Situation":"unknown","Type":"ask","Price":3829.02000000,"Amount":11.50000000,"Done":false},{"Time":"2019-03-01T01:56:15","Situation":"unknown","Type":"ask","Price":3830.00000000,"Amount":15.77690100,"Done":false},{"Time":"2019-03-01T01:56:15","Situation":"unknown","Type":"ask","Price":3832.00000000,"Amount":13.02014100,"Done":false},{"Time":"2019-03-01T02:01:17","Situation":"unknown","Type":"ask","Price":3829.02000000,"Amount":11.50000000,"Done":false},{"Time":"2019-03-01T02:01:17","Situation":"unknown","Type":"ask","Price":3830.00000000,"Amount":15.77690100,"Done":false},{"Time":"2019-03-01T02:01:17","Situation":"unknown","Type":"ask","Price":3832.00000000,"Amount":13.02014100,"Done":false},{"Time":"2019-03-01T02:06:19","Situation":"unknown","Type":"ask","Price":3829.02000000,"Amount":11.50000000,"Done":false},{"Time":"2019-03-01T02:06:19","Situation":"unknown","Type":"ask","Price":3830.00000000,"Amount":15.77690100,"Done":false},{"Time":"2019-03-01T02:06:19","Situation":"unknown","Type":"ask","Price":3832.00000000,"Amount":13.02014100,"Done":false},{"Time":"2019-03-01T02:11:20","Situation":"unknown","Type":"ask","Price":3826.60000000,"Amount":21.30000000,"Done":false},{"Time":"2019-03-01T02:11:20","Situation":"unknown","Type":"ask","Price":3829.02000000,"Amount":11.50000000,"Done":false},{"Time":"2019-03-01T02:11:20","Situation":"unknown","Type":"ask","Price":3830.00000000,"Amount":15.77690100,"Done":false},{"Time":"2019-03-01T02:11:20","Situation":"unknown","Type":"ask","Price":3832.00000000,"Amount":13.02014100,"Done":false},{"Time":"2019-03-01T02:16:21","Situation":"unknown","Type":"ask","Price":3825.00000000,"Amount":40.57068700,"Done":false},{"Time":"2019-03-01T02:16:21","Situation":"unknown","Type":"ask","Price":3829.02000000,"Amount":11.50000000,"Done":false},{"Time":"2019-03-01T02:16:21","Situation":"unknown","Type":"ask","Price":3830.00000000,"Amount":15.77690100,"Done":false},{"Time":"2019-03-01T02:16:21","Situation":"unknown","Type":"ask","Price":3832.00000000,"Amount":13.02014100,"Done":false},{"Time":"2019-03-01T02:21:22","Situation":"unknown","Type":"ask","Price":3825.00000000,"Amount":40.57068700,"Done":false},{"Time":"2019-03-01T02:21:22","Situation":"unknown","Type":"ask","Price":3829.02000000,"Amount":12.50000000,"Done":false},{"Time":"2019-03-01T02:21:22","Situation":"unknown","Type":"ask","Price":3830.00000000,"Amount":15.87680100,"Done":false},{"Time":"2019-03-01T02:21:22","Situation":"unknown","Type":"ask","Price":3832.00000000,"Amount":13.02014100,"Done":false},{"Time":"2019-03-01T02:26:25","Situation":"unknown","Type":"ask","Price":3825.00000000,"Amount":40.14548500,"Done":false},{"Time":"2019-03-01T02:26:25","Situation":"unknown","Type":"ask","Price":3829.02000000,"Amount":12.50000000,"Done":false},{"Time":"2019-03-01T02:26:25","Situation":"unknown","Type":"ask","Price":3830.00000000,"Amount":11.87680100,"Done":false},{"Time":"2019-03-01T02:26:25","Situation":"unknown","Type":"ask","Price":3832.00000000,"Amount":13.02014100,"Done":false},{"Time":"2019-03-01T02:31:25","Situation":"unknown","Type":"ask","Price":3825.00000000,"Amount":42.77098600,"Done":false},{"Time":"2019-03-01T02:31:25","Situation":"unknown","Type":"ask","Price":3829.02000000,"Amount":11.50000000,"Done":false},{"Time":"2019-03-01T02:31:25","Situation":"unknown","Type":"ask","Price":3830.00000000,"Amount":11.87680100,"Done":false},{"Time":"2019-03-01T02:31:25","Situation":"unknown","Type":"ask","Price":3832.00000000,"Amount":13.02014100,"Done":false},{"Time":"2019-03-01T02:36:28","Situation":"unknown","Type":"ask","Price":3825.00000000,"Amount":42.88087600,"Done":false},{"Time":"2019-03-01T02:36:28","Situation":"unknown","Type":"ask","Price":3829.02000000,"Amount":11.50000000,"Done":false},{"Time":"2019-03-01T02:36:28","Situation":"unknown","Type":"ask","Price":3830.00000000,"Amount":11.87680100,"Done":false},{"Time":"2019-03-01T02:36:28","Situation":"unknown","Type":"ask","Price":3832.00000000,"Amount":13.02014100,"Done":false},{"Time":"2019-03-01T02:41:29","Situation":"unknown","Type":"ask","Price":3825.00000000,"Amount":42.88087600,"Done":false},{"Time":"2019-03-01T02:41:29","Situation":"unknown","Type":"ask","Price":3829.02000000,"Amount":11.50000000,"Done":false},{"Time":"2019-03-01T02:41:29","Situation":"unknown","Type":"ask","Price":3830.00000000,"Amount":11.87680100,"Done":false},{"Time":"2019-03-01T02:41:29","Situation":"unknown","Type":"ask","Price":3832.00000000,"Amount":13.02014100,"Done":false},{"Time":"2019-03-01T02:46:33","Situation":"unknown","Type":"ask","Price":3825.00000000,"Amount":41.38717100,"Done":false},{"Time":"2019-03-01T02:46:33","Situation":"unknown","Type":"ask","Price":3829.02000000,"Amount":11.50000000,"Done":false},{"Time":"2019-03-01T02:46:33","Situation":"unknown","Type":"ask","Price":3830.00000000,"Amount":11.87680100,"Done":false},{"Time":"2019-03-01T02:46:33","Situation":"unknown","Type":"ask","Price":3832.00000000,"Amount":13.02014100,"Done":false},{"Time":"2019-03-01T02:51:35","Situation":"unknown","Type":"ask","Price":3825.00000000,"Amount":38.85942800,"Done":false},{"Time":"2019-03-01T02:51:35","Situation":"unknown","Type":"ask","Price":3829.02000000,"Amount":11.50000000,"Done":false},{"Time":"2019-03-01T02:51:35","Situation":"unknown","Type":"ask","Price":3830.00000000,"Amount":11.87680100,"Done":false},{"Time":"2019-03-01T02:51:35","Situation":"unknown","Type":"ask","Price":3832.00000000,"Amount":13.02014100,"Done":false},{"Time":"2019-03-01T02:56:37","Situation":"unknown","Type":"ask","Price":3825.00000000,"Amount":36.55483500,"Done":false},{"Time":"2019-03-01T02:56:37","Situation":"unknown","Type":"ask","Price":3829.02000000,"Amount":11.50000000,"Done":false},{"Time":"2019-03-01T02:56:37","Situation":"unknown","Type":"ask","Price":3830.00000000,"Amount":11.87680100,"Done":false},{"Time":"2019-03-01T02:56:37","Situation":"unknown","Type":"ask","Price":3832.00000000,"Amount":13.02014100,"Done":false},{"Time":"2019-03-01T03:01:38","Situation":"unknown","Type":"ask","Price":3825.00000000,"Amount":34.73131700,"Done":false},{"Time":"2019-03-01T03:01:38","Situation":"unknown","Type":"ask","Price":3829.02000000,"Amount":11.50000000,"Done":false},{"Time":"2019-03-01T03:01:38","Situation":"unknown","Type":"ask","Price":3830.00000000,"Amount":11.87680100,"Done":false},{"Time":"2019-03-01T03:01:38","Situation":"unknown","Type":"ask","Price":3832.00000000,"Amount":13.02014100,"Done":false},{"Time":"2019-03-01T03:06:40","Situation":"unknown","Type":"ask","Price":3825.00000000,"Amount":31.04290100,"Done":false},{"Time":"2019-03-01T03:06:40","Situation":"unknown","Type":"ask","Price":3829.02000000,"Amount":11.50000000,"Done":false},{"Time":"2019-03-01T03:06:40","Situation":"unknown","Type":"ask","Price":3830.00000000,"Amount":11.98227000,"Done":false},{"Time":"2019-03-01T03:06:40","Situation":"unknown","Type":"ask","Price":3832.00000000,"Amount":13.02014100,"Done":false},{"Time":"2019-03-01T03:11:40","Situation":"unknown","Type":"ask","Price":3825.00000000,"Amount":31.04290100,"Done":false},{"Time":"2019-03-01T03:11:40","Situation":"unknown","Type":"ask","Price":3829.02000000,"Amount":11.50000000,"Done":false},{"Time":"2019-03-01T03:11:40","Situation":"unknown","Type":"ask","Price":3830.00000000,"Amount":11.98227000,"Done":false},{"Time":"2019-03-01T03:11:40","Situation":"unknown","Type":"ask","Price":3832.00000000,"Amount":13.02014100,"Done":false},{"Time":"2019-03-01T03:16:43","Situation":"unknown","Type":"ask","Price":3830.00000000,"Amount":11.99664600,"Done":false},{"Time":"2019-03-01T03:16:43","Situation":"unknown","Type":"ask","Price":3832.00000000,"Amount":13.02014100,"Done":false},{"Time":"2019-03-01T03:21:44","Situation":"unknown","Type":"ask","Price":3830.00000000,"Amount":11.99664600,"Done":false},{"Time":"2019-03-01T03:21:44","Situation":"unknown","Type":"ask","Price":3832.00000000,"Amount":13.02014100,"Done":false},{"Time":"2019-03-01T03:26:44","Situation":"unknown","Type":"ask","Price":3832.00000000,"Amount":13.02014100,"Done":false},{"Time":"2019-03-01T03:26:44","Situation":"unknown","Type":"ask","Price":3840.00000000,"Amount":33.95040200,"Done":false},{"Time":"2019-03-01T03:31:47","Situation":"unknown","Type":"ask","Price":3840.00000000,"Amount":33.95040200,"Done":false},{"Time":"2019-03-01T03:36:51","Situation":"unknown","Type":"ask","Price":3840.00000000,"Amount":33.95040200,"Done":false},{"Time":"2019-03-01T03:41:53","Situation":"unknown","Type":"ask","Price":3831.31000000,"Amount":22.30000000,"Done":false},{"Time":"2019-03-01T03:41:53","Situation":"unknown","Type":"ask","Price":3840.00000000,"Amount":33.95040200,"Done":false},{"Time":"2019-03-01T03:46:57","Situation":"unknown","Type":"ask","Price":3831.31000000,"Amount":21.30000000,"Done":false},{"Time":"2019-03-01T03:46:57","Situation":"unknown","Type":"ask","Price":3840.00000000,"Amount":33.95040200,"Done":false},{"Time":"2019-03-01T03:51:59","Situation":"unknown","Type":"ask","Price":3840.00000000,"Amount":33.95040200,"Done":false},{"Time":"2019-03-01T03:57:02","Situation":"unknown","Type":"ask","Price":3826.50000000,"Amount":11.48122700,"Done":false},{"Time":"2019-03-01T03:57:02","Situation":"unknown","Type":"ask","Price":3840.00000000,"Amount":33.95040200,"Done":false},{"Time":"2019-03-01T04:02:06","Situation":"unknown","Type":"ask","Price":3840.00000000,"Amount":34.00783100,"Done":false},{"Time":"2019-03-01T04:07:10","Situation":"unknown","Type":"ask","Price":3840.00000000,"Amount":34.00783100,"Done":false},{"Time":"2019-03-01T04:12:13","Situation":"unknown","Type":"ask","Price":3840.00000000,"Amount":34.00783100,"Done":false},{"Time":"2019-03-01T05:27:43","Situation":"unknown","Type":"ask","Price":3840.00000000,"Amount":34.14082400,"Done":false},{"Time":"2019-03-01T06:38:11","Situation":"unknown","Type":"ask","Price":3840.00000000,"Amount":34.13662100,"Done":false},{"Time":"2019-03-01T06:58:23","Situation":"unknown","Type":"ask","Price":3825.50000000,"Amount":10.28378900,"Done":false},{"Time":"2019-03-01T07:03:26","Situation":"unknown","Type":"ask","Price":3840.00000000,"Amount":34.22776600,"Done":false},{"Time":"2019-03-01T07:08:27","Situation":"unknown","Type":"ask","Price":3840.00000000,"Amount":34.22776600,"Done":false},{"Time":"2019-03-01T07:18:34","Situation":"unknown","Type":"ask","Price":3840.00000000,"Amount":34.22776600,"Done":false},{"Time":"2019-03-01T07:23:36","Situation":"unknown","Type":"ask","Price":3840.00000000,"Amount":34.22776600,"Done":false},{"Time":"2019-03-01T07:28:37","Situation":"unknown","Type":"ask","Price":3828.23000000,"Amount":23.54810300,"Done":false},{"Time":"2019-03-01T07:33:39","Situation":"unknown","Type":"ask","Price":3840.00000000,"Amount":34.22776600,"Done":false},{"Time":"2019-03-01T07:38:41","Situation":"unknown","Type":"ask","Price":3840.00000000,"Amount":34.22776600,"Done":false},{"Time":"2019-03-01T07:43:43","Situation":"unknown","Type":"ask","Price":3840.00000000,"Amount":34.22776600,"Done":false},{"Time":"2019-03-01T07:48:46","Situation":"unknown","Type":"ask","Price":3840.00000000,"Amount":34.45425800,"Done":false},{"Time":"2019-03-01T07:53:48","Situation":"unknown","Type":"ask","Price":3840.00000000,"Amount":34.45425800,"Done":false},{"Time":"2019-03-01T07:58:51","Situation":"unknown","Type":"ask","Price":3840.00000000,"Amount":35.03945800,"Done":false},{"Time":"2019-03-01T08:03:53","Situation":"unknown","Type":"ask","Price":3836.95000000,"Amount":10.54356300,"Done":false},{"Time":"2019-03-01T08:03:53","Situation":"unknown","Type":"ask","Price":3840.00000000,"Amount":35.34247500,"Done":false},{"Time":"2019-03-01T08:08:53","Situation":"unknown","Type":"ask","Price":3840.00000000,"Amount":34.81953800,"Done":false},{"Time":"2019-03-01T08:13:57","Situation":"unknown","Type":"ask","Price":3840.00000000,"Amount":44.07050400,"Done":false},{"Time":"2019-03-01T08:18:59","Situation":"unknown","Type":"ask","Price":3840.00000000,"Amount":44.44959800,"Done":false},{"Time":"2019-03-01T08:24:01","Situation":"unknown","Type":"ask","Price":3840.00000000,"Amount":44.18816100,"Done":false},{"Time":"2019-03-01T08:29:05","Situation":"unknown","Type":"ask","Price":3840.00000000,"Amount":44.07523200,"Done":false},{"Time":"2019-03-01T08:34:05","Situation":"unknown","Type":"ask","Price":3840.00000000,"Amount":39.08848000,"Done":false},{"Time":"2019-03-01T08:39:05","Situation":"unknown","Type":"ask","Price":3838.00000000,"Amount":12.08120800,"Done":false},{"Time":"2019-03-01T08:39:05","Situation":"unknown","Type":"ask","Price":3840.00000000,"Amount":39.08848000,"Done":false},{"Time":"2019-03-01T08:44:09","Situation":"unknown","Type":"ask","Price":3838.00000000,"Amount":12.06360400,"Done":false},{"Time":"2019-03-01T08:44:09","Situation":"unknown","Type":"ask","Price":3840.00000000,"Amount":39.08848000,"Done":false},{"Time":"2019-03-01T08:49:12","Situation":"unknown","Type":"ask","Price":3838.00000000,"Amount":11.76483100,"Done":false},{"Time":"2019-03-01T08:49:12","Situation":"unknown","Type":"ask","Price":3840.00000000,"Amount":39.08848000,"Done":false},{"Time":"2019-03-01T08:54:12","Situation":"unknown","Type":"ask","Price":3840.00000000,"Amount":39.08848000,"Done":false},{"Time":"2019-03-01T08:59:12","Situation":"unknown","Type":"ask","Price":3840.00000000,"Amount":38.98906600,"Done":false},{"Time":"2019-03-01T09:04:15","Situation":"unknown","Type":"ask","Price":3850.00000000,"Amount":24.93049400,"Done":false},{"Time":"2019-03-01T09:04:15","Situation":"unknown","Type":"ask","Price":3857.00000000,"Amount":10.46526300,"Done":false},{"Time":"2019-03-01T09:04:15","Situation":"unknown","Type":"ask","Price":3860.00000000,"Amount":16.19464700,"Done":false},{"Time":"2019-03-01T09:09:16","Situation":"unknown","Type":"ask","Price":3857.00000000,"Amount":10.46526300,"Done":false},{"Time":"2019-03-01T09:09:16","Situation":"unknown","Type":"ask","Price":3860.00000000,"Amount":16.34749600,"Done":false},{"Time":"2019-03-01T09:14:16","Situation":"unknown","Type":"ask","Price":3846.65000000,"Amount":16.90000000,"Done":false},{"Time":"2019-03-01T09:14:16","Situation":"unknown","Type":"ask","Price":3847.14000000,"Amount":14.70000000,"Done":false},{"Time":"2019-03-01T09:14:16","Situation":"unknown","Type":"ask","Price":3857.00000000,"Amount":10.46526300,"Done":false},{"Time":"2019-03-01T09:19:16","Situation":"unknown","Type":"ask","Price":3842.01000000,"Amount":14.00000000,"Done":false},{"Time":"2019-03-01T09:19:16","Situation":"unknown","Type":"ask","Price":3857.00000000,"Amount":10.46526300,"Done":false},{"Time":"2019-03-01T09:24:17","Situation":"unknown","Type":"ask","Price":3857.00000000,"Amount":10.46526300,"Done":false},{"Time":"2019-03-01T09:29:21","Situation":"unknown","Type":"ask","Price":3857.00000000,"Amount":10.46526300,"Done":false},{"Time":"2019-03-01T09:34:23","Situation":"unknown","Type":"ask","Price":3845.45000000,"Amount":13.52196900,"Done":false},{"Time":"2019-03-01T09:34:23","Situation":"unknown","Type":"ask","Price":3857.00000000,"Amount":10.46526300,"Done":false},{"Time":"2019-03-01T09:39:23","Situation":"unknown","Type":"ask","Price":3857.00000000,"Amount":10.46526300,"Done":false},{"Time":"2019-03-01T09:59:32","Situation":"unknown","Type":"ask","Price":3834.96000000,"Amount":16.93700000,"Done":false},{"Time":"2019-03-01T10:04:33","Situation":"unknown","Type":"ask","Price":3831.83000000,"Amount":11.06300000,"Done":false},{"Time":"2019-03-01T10:04:33","Situation":"unknown","Type":"ask","Price":3833.72000000,"Amount":36.44096500,"Done":false},{"Time":"2019-03-01T10:14:33","Situation":"unknown","Type":"ask","Price":3830.56000000,"Amount":12.54776900,"Done":false},{"Time":"2019-03-01T10:19:35","Situation":"unknown","Type":"ask","Price":3831.41000000,"Amount":15.61470600,"Done":false},{"Time":"2019-03-01T10:24:36","Situation":"unknown","Type":"ask","Price":3848.00000000,"Amount":13.48358900,"Done":false},{"Time":"2019-03-01T10:29:39","Situation":"unknown","Type":"ask","Price":3848.00000000,"Amount":13.48358900,"Done":false},{"Time":"2019-03-01T10:34:40","Situation":"unknown","Type":"ask","Price":3848.00000000,"Amount":13.48358900,"Done":false},{"Time":"2019-03-01T10:39:42","Situation":"unknown","Type":"ask","Price":3848.00000000,"Amount":13.48358900,"Done":false},{"Time":"2019-03-01T10:44:42","Situation":"unknown","Type":"ask","Price":3848.00000000,"Amount":13.48358900,"Done":false},{"Time":"2019-03-01T10:49:45","Situation":"unknown","Type":"ask","Price":3832.99000000,"Amount":12.74356100,"Done":false},{"Time":"2019-03-01T10:49:45","Situation":"unknown","Type":"ask","Price":3833.00000000,"Amount":11.77531000,"Done":false},{"Time":"2019-03-01T10:49:45","Situation":"unknown","Type":"ask","Price":3848.00000000,"Amount":13.48358900,"Done":false},{"Time":"2019-03-01T10:54:45","Situation":"unknown","Type":"ask","Price":3836.00000000,"Amount":20.00000000,"Done":false},{"Time":"2019-03-01T10:54:45","Situation":"unknown","Type":"ask","Price":3848.00000000,"Amount":13.35884600,"Done":false},{"Time":"2019-03-01T10:59:47","Situation":"unknown","Type":"ask","Price":3836.00000000,"Amount":29.65504500,"Done":false},{"Time":"2019-03-01T10:59:47","Situation":"unknown","Type":"ask","Price":3848.00000000,"Amount":13.35884600,"Done":false},{"Time":"2019-03-01T11:04:51","Situation":"unknown","Type":"ask","Price":3836.00000000,"Amount":29.65504500,"Done":false},{"Time":"2019-03-01T11:04:51","Situation":"unknown","Type":"ask","Price":3848.00000000,"Amount":13.35884600,"Done":false},{"Time":"2019-03-01T11:09:55","Situation":"unknown","Type":"ask","Price":3836.00000000,"Amount":29.65504500,"Done":false},{"Time":"2019-03-01T11:09:55","Situation":"unknown","Type":"ask","Price":3848.00000000,"Amount":13.35884600,"Done":false},{"Time":"2019-03-01T11:14:57","Situation":"unknown","Type":"ask","Price":3836.00000000,"Amount":29.68047300,"Done":false},{"Time":"2019-03-01T11:14:57","Situation":"unknown","Type":"ask","Price":3848.00000000,"Amount":13.35884600,"Done":false},{"Time":"2019-03-01T11:19:57","Situation":"unknown","Type":"ask","Price":3836.00000000,"Amount":29.65504500,"Done":false},{"Time":"2019-03-01T11:19:57","Situation":"unknown","Type":"ask","Price":3848.00000000,"Amount":13.35884600,"Done":false},{"Time":"2019-03-01T11:25:00","Situation":"unknown","Type":"ask","Price":3830.20000000,"Amount":10.00000000,"Done":false},{"Time":"2019-03-01T11:25:00","Situation":"unknown","Type":"ask","Price":3836.00000000,"Amount":31.25504500,"Done":false},{"Time":"2019-03-01T11:30:04","Situation":"unknown","Type":"ask","Price":3830.20000000,"Amount":10.00500000,"Done":false},{"Time":"2019-03-01T11:30:04","Situation":"unknown","Type":"ask","Price":3836.00000000,"Amount":20.00000000,"Done":false},{"Time":"2019-03-01T11:35:08","Situation":"unknown","Type":"ask","Price":3830.20000000,"Amount":10.00500000,"Done":false},{"Time":"2019-03-01T11:35:08","Situation":"unknown","Type":"ask","Price":3836.00000000,"Amount":20.00000000,"Done":false},{"Time":"2019-03-01T11:40:11","Situation":"unknown","Type":"ask","Price":3830.20000000,"Amount":10.00500000,"Done":false},{"Time":"2019-03-01T11:40:11","Situation":"unknown","Type":"ask","Price":3836.00000000,"Amount":20.00000000,"Done":false},{"Time":"2019-03-01T11:45:11","Situation":"unknown","Type":"ask","Price":3830.20000000,"Amount":10.00500000,"Done":false},{"Time":"2019-03-01T11:45:11","Situation":"unknown","Type":"ask","Price":3836.00000000,"Amount":20.00000000,"Done":false},{"Time":"2019-03-01T11:50:12","Situation":"unknown","Type":"ask","Price":3826.91000000,"Amount":11.88000000,"Done":false},{"Time":"2019-03-01T11:50:12","Situation":"unknown","Type":"ask","Price":3830.20000000,"Amount":10.00500000,"Done":false},{"Time":"2019-03-01T11:50:12","Situation":"unknown","Type":"ask","Price":3836.00000000,"Amount":20.00000000,"Done":false},{"Time":"2019-03-01T11:55:16","Situation":"unknown","Type":"ask","Price":3830.20000000,"Amount":10.00500000,"Done":false},{"Time":"2019-03-01T11:55:16","Situation":"unknown","Type":"ask","Price":3836.00000000,"Amount":20.00000000,"Done":false},{"Time":"2019-03-01T12:00:19","Situation":"unknown","Type":"ask","Price":3828.52000000,"Amount":19.50000000,"Done":false},{"Time":"2019-03-01T12:00:19","Situation":"unknown","Type":"ask","Price":3830.20000000,"Amount":10.00500000,"Done":false},{"Time":"2019-03-01T12:00:19","Situation":"unknown","Type":"ask","Price":3836.00000000,"Amount":20.00000000,"Done":false},{"Time":"2019-03-01T12:05:23","Situation":"unknown","Type":"ask","Price":3830.20000000,"Amount":10.00500000,"Done":false},{"Time":"2019-03-01T12:05:23","Situation":"unknown","Type":"ask","Price":3836.00000000,"Amount":20.00000000,"Done":false},{"Time":"2019-03-01T12:10:23","Situation":"unknown","Type":"ask","Price":3830.20000000,"Amount":10.00500000,"Done":false},{"Time":"2019-03-01T12:10:23","Situation":"unknown","Type":"ask","Price":3836.00000000,"Amount":20.00000000,"Done":false},{"Time":"2019-03-01T12:15:26","Situation":"unknown","Type":"ask","Price":3830.20000000,"Amount":10.00500000,"Done":false},{"Time":"2019-03-01T12:15:26","Situation":"unknown","Type":"ask","Price":3836.00000000,"Amount":20.00000000,"Done":false},{"Time":"2019-03-01T12:20:27","Situation":"unknown","Type":"ask","Price":3830.20000000,"Amount":10.00500000,"Done":false},{"Time":"2019-03-01T12:20:27","Situation":"unknown","Type":"ask","Price":3836.00000000,"Amount":20.00000000,"Done":false},{"Time":"2019-03-01T12:25:27","Situation":"unknown","Type":"ask","Price":3830.20000000,"Amount":10.00500000,"Done":false},{"Time":"2019-03-01T12:25:27","Situation":"unknown","Type":"ask","Price":3836.00000000,"Amount":20.00000000,"Done":false},{"Time":"2019-03-01T12:30:30","Situation":"unknown","Type":"ask","Price":3828.75000000,"Amount":13.80000000,"Done":false},{"Time":"2019-03-01T12:30:30","Situation":"unknown","Type":"ask","Price":3830.20000000,"Amount":10.00500000,"Done":false},{"Time":"2019-03-01T12:30:30","Situation":"unknown","Type":"ask","Price":3836.00000000,"Amount":20.00000000,"Done":false},{"Time":"2019-03-01T12:35:30","Situation":"unknown","Type":"ask","Price":3836.00000000,"Amount":20.00000000,"Done":false},{"Time":"2019-03-01T12:40:31","Situation":"unknown","Type":"ask","Price":3836.00000000,"Amount":20.00000000,"Done":false},{"Time":"2019-03-01T12:45:33","Situation":"unknown","Type":"ask","Price":3836.00000000,"Amount":20.00000000,"Done":false},{"Time":"2019-03-01T12:50:35","Situation":"unknown","Type":"ask","Price":3836.00000000,"Amount":20.00000000,"Done":false},{"Time":"2019-03-01T12:55:38","Situation":"unknown","Type":"ask","Price":3836.00000000,"Amount":20.00000000,"Done":false},{"Time":"2019-03-01T13:00:42","Situation":"unknown","Type":"ask","Price":3836.00000000,"Amount":20.00000000,"Done":false},{"Time":"2019-03-01T13:05:46","Situation":"unknown","Type":"ask","Price":3829.16000000,"Amount":55.24971500,"Done":false},{"Time":"2019-03-01T13:05:46","Situation":"unknown","Type":"ask","Price":3836.00000000,"Amount":20.00000000,"Done":false},{"Time":"2019-03-01T13:10:47","Situation":"unknown","Type":"ask","Price":3825.00000000,"Amount":25.20000000,"Done":false},{"Time":"2019-03-01T13:10:47","Situation":"unknown","Type":"ask","Price":3833.61000000,"Amount":11.00000000,"Done":false},{"Time":"2019-03-01T13:10:47","Situation":"unknown","Type":"ask","Price":3836.00000000,"Amount":20.00000000,"Done":false},{"Time":"2019-03-01T13:15:50","Situation":"unknown","Type":"ask","Price":3831.00000000,"Amount":12.96115100,"Done":false},{"Time":"2019-03-01T13:15:50","Situation":"unknown","Type":"ask","Price":3833.61000000,"Amount":11.00000000,"Done":false},{"Time":"2019-03-01T13:15:50","Situation":"unknown","Type":"ask","Price":3836.00000000,"Amount":20.00000000,"Done":false},{"Time":"2019-03-01T13:20:51","Situation":"unknown","Type":"ask","Price":3831.00000000,"Amount":12.96115100,"Done":false},{"Time":"2019-03-01T13:20:51","Situation":"unknown","Type":"ask","Price":3833.61000000,"Amount":11.00000000,"Done":false},{"Time":"2019-03-01T13:25:53","Situation":"unknown","Type":"ask","Price":3831.00000000,"Amount":12.96115100,"Done":false},{"Time":"2019-03-01T13:25:53","Situation":"unknown","Type":"ask","Price":3833.61000000,"Amount":11.00000000,"Done":false},{"Time":"2019-03-01T13:30:53","Situation":"unknown","Type":"ask","Price":3837.45000000,"Amount":11.00000000,"Done":false},{"Time":"2019-03-01T13:35:56","Situation":"unknown","Type":"ask","Price":3831.89000000,"Amount":11.55000000,"Done":false},{"Time":"2019-03-01T13:35:56","Situation":"unknown","Type":"ask","Price":3835.00000000,"Amount":11.60268900,"Done":false},{"Time":"2019-03-01T13:35:56","Situation":"unknown","Type":"ask","Price":3837.45000000,"Amount":11.00000000,"Done":false},{"Time":"2019-03-01T13:40:57","Situation":"unknown","Type":"ask","Price":3830.65000000,"Amount":14.80000000,"Done":false},{"Time":"2019-03-01T13:40:57","Situation":"unknown","Type":"ask","Price":3835.00000000,"Amount":11.34475800,"Done":false},{"Time":"2019-03-01T13:40:57","Situation":"unknown","Type":"ask","Price":3837.45000000,"Amount":11.00000000,"Done":false},{"Time":"2019-03-01T13:46:01","Situation":"unknown","Type":"ask","Price":3835.00000000,"Amount":11.34475800,"Done":false},{"Time":"2019-03-01T13:46:01","Situation":"unknown","Type":"ask","Price":3837.45000000,"Amount":11.00000000,"Done":false},{"Time":"2019-03-01T13:51:03","Situation":"unknown","Type":"ask","Price":3835.00000000,"Amount":11.34475800,"Done":false},{"Time":"2019-03-01T13:51:03","Situation":"unknown","Type":"ask","Price":3837.45000000,"Amount":11.00000000,"Done":false},{"Time":"2019-03-01T13:56:04","Situation":"unknown","Type":"ask","Price":3834.57000000,"Amount":20.50000000,"Done":false},{"Time":"2019-03-01T13:56:04","Situation":"unknown","Type":"ask","Price":3836.25000000,"Amount":10.00000000,"Done":false},{"Time":"2019-03-01T13:56:04","Situation":"unknown","Type":"ask","Price":3837.00000000,"Amount":12.03231500,"Done":false},{"Time":"2019-03-01T13:56:04","Situation":"unknown","Type":"ask","Price":3841.48000000,"Amount":11.00000000,"Done":false},{"Time":"2019-03-01T13:56:04","Situation":"unknown","Type":"ask","Price":3845.00000000,"Amount":30.45246800,"Done":false},{"Time":"2019-03-01T14:01:05","Situation":"unknown","Type":"ask","Price":3836.11000000,"Amount":12.20000000,"Done":false},{"Time":"2019-03-01T14:01:05","Situation":"unknown","Type":"ask","Price":3837.00000000,"Amount":12.02606200,"Done":false},{"Time":"2019-03-01T14:01:05","Situation":"unknown","Type":"ask","Price":3841.48000000,"Amount":11.00000000,"Done":false},{"Time":"2019-03-01T14:01:05","Situation":"unknown","Type":"ask","Price":3845.00000000,"Amount":30.52687100,"Done":false},{"Time":"2019-03-01T14:01:05","Situation":"unknown","Type":"ask","Price":3848.00000000,"Amount":13.35884600,"Done":false},{"Time":"2019-03-01T14:06:07","Situation":"unknown","Type":"ask","Price":3841.48000000,"Amount":11.00000000,"Done":false},{"Time":"2019-03-01T14:06:07","Situation":"unknown","Type":"ask","Price":3845.00000000,"Amount":10.85237100,"Done":false},{"Time":"2019-03-01T14:11:10","Situation":"unknown","Type":"ask","Price":3831.17000000,"Amount":14.00000000,"Done":false},{"Time":"2019-03-01T14:11:10","Situation":"unknown","Type":"ask","Price":3839.00000000,"Amount":10.81196600,"Done":false},{"Time":"2019-03-01T14:11:10","Situation":"unknown","Type":"ask","Price":3840.95000000,"Amount":11.00000000,"Done":false},{"Time":"2019-03-01T14:16:11","Situation":"unknown","Type":"ask","Price":3826.24000000,"Amount":11.38290400,"Done":false},{"Time":"2019-03-01T14:16:11","Situation":"unknown","Type":"ask","Price":3837.10000000,"Amount":11.00000000,"Done":false},{"Time":"2019-03-01T14:16:11","Situation":"unknown","Type":"ask","Price":3840.00000000,"Amount":11.05933500,"Done":false},{"Time":"2019-03-01T14:21:15","Situation":"unknown","Type":"ask","Price":3837.10000000,"Amount":11.00000000,"Done":false},{"Time":"2019-03-01T14:21:15","Situation":"unknown","Type":"ask","Price":3840.00000000,"Amount":10.99534000,"Done":false},{"Time":"2019-03-01T14:26:17","Situation":"unknown","Type":"ask","Price":3837.10000000,"Amount":11.00000000,"Done":false},{"Time":"2019-03-01T14:26:17","Situation":"unknown","Type":"ask","Price":3840.00000000,"Amount":11.03308800,"Done":false},{"Time":"2019-03-01T14:31:19","Situation":"unknown","Type":"ask","Price":3840.00000000,"Amount":13.03308800,"Done":false},{"Time":"2019-03-01T14:31:19","Situation":"unknown","Type":"ask","Price":3840.98000000,"Amount":11.00000000,"Done":false},{"Time":"2019-03-01T14:36:22","Situation":"unknown","Type":"ask","Price":3839.00000000,"Amount":10.81707000,"Done":false},{"Time":"2019-03-01T14:36:22","Situation":"unknown","Type":"ask","Price":3840.00000000,"Amount":13.34298700,"Done":false},{"Time":"2019-03-01T14:36:22","Situation":"unknown","Type":"ask","Price":3840.98000000,"Amount":11.00000000,"Done":false},{"Time":"2019-03-01T14:36:22","Situation":"unknown","Type":"ask","Price":3845.00000000,"Amount":10.86126000,"Done":false},{"Time":"2019-03-01T14:41:25","Situation":"unknown","Type":"ask","Price":3839.00000000,"Amount":11.11722900,"Done":false},{"Time":"2019-03-01T14:41:25","Situation":"unknown","Type":"ask","Price":3840.00000000,"Amount":13.34298700,"Done":false},{"Time":"2019-03-01T14:41:25","Situation":"unknown","Type":"ask","Price":3840.98000000,"Amount":11.00000000,"Done":false},{"Time":"2019-03-01T14:46:28","Situation":"unknown","Type":"ask","Price":3840.00000000,"Amount":12.85451800,"Done":false},{"Time":"2019-03-01T14:46:28","Situation":"unknown","Type":"ask","Price":3840.98000000,"Amount":11.00000000,"Done":false},{"Time":"2019-03-01T14:51:29","Situation":"unknown","Type":"ask","Price":3833.88000000,"Amount":11.47213000,"Done":false},{"Time":"2019-03-01T14:51:29","Situation":"unknown","Type":"ask","Price":3840.00000000,"Amount":12.85451800,"Done":false},{"Time":"2019-03-01T14:51:29","Situation":"unknown","Type":"ask","Price":3840.98000000,"Amount":11.00000000,"Done":false},{"Time":"2019-03-01T14:51:29","Situation":"unknown","Type":"ask","Price":3845.00000000,"Amount":10.86126000,"Done":false},{"Time":"2019-03-01T14:56:30","Situation":"unknown","Type":"ask","Price":3840.00000000,"Amount":12.68289900,"Done":false},{"Time":"2019-03-01T14:56:30","Situation":"unknown","Type":"ask","Price":3840.98000000,"Amount":11.00000000,"Done":false},{"Time":"2019-03-01T14:56:30","Situation":"unknown","Type":"ask","Price":3845.00000000,"Amount":10.99156000,"Done":false},{"Time":"2019-03-01T15:01:33","Situation":"unknown","Type":"ask","Price":3840.00000000,"Amount":12.73532100,"Done":false},{"Time":"2019-03-01T15:01:33","Situation":"unknown","Type":"ask","Price":3844.88000000,"Amount":11.00000000,"Done":false},{"Time":"2019-03-01T15:01:33","Situation":"unknown","Type":"ask","Price":3845.00000000,"Amount":10.86126000,"Done":false},{"Time":"2019-03-01T15:06:35","Situation":"unknown","Type":"ask","Price":3838.52000000,"Amount":21.50000000,"Done":false},{"Time":"2019-03-01T15:06:35","Situation":"unknown","Type":"ask","Price":3840.00000000,"Amount":12.65573600,"Done":false},{"Time":"2019-03-01T15:06:35","Situation":"unknown","Type":"ask","Price":3845.00000000,"Amount":10.86860700,"Done":false},{"Time":"2019-03-01T15:11:36","Situation":"unknown","Type":"ask","Price":3840.00000000,"Amount":13.41757900,"Done":false},{"Time":"2019-03-01T15:11:36","Situation":"unknown","Type":"ask","Price":3845.00000000,"Amount":10.86860700,"Done":false},{"Time":"2019-03-01T15:16:38","Situation":"unknown","Type":"ask","Price":3840.00000000,"Amount":13.58048600,"Done":false},{"Time":"2019-03-01T15:16:38","Situation":"unknown","Type":"ask","Price":3845.00000000,"Amount":10.86860700,"Done":false},{"Time":"2019-03-01T15:21:38","Situation":"unknown","Type":"ask","Price":3840.00000000,"Amount":13.58048600,"Done":false},{"Time":"2019-03-01T15:21:38","Situation":"unknown","Type":"ask","Price":3842.49000000,"Amount":11.00000000,"Done":false},{"Time":"2019-03-01T15:21:38","Situation":"unknown","Type":"ask","Price":3845.00000000,"Amount":10.86860700,"Done":false},{"Time":"2019-03-01T15:26:40","Situation":"unknown","Type":"ask","Price":3833.77000000,"Amount":13.40000000,"Done":false},{"Time":"2019-03-01T15:26:40","Situation":"unknown","Type":"ask","Price":3840.00000000,"Amount":20.23139800,"Done":false},{"Time":"2019-03-01T15:26:40","Situation":"unknown","Type":"ask","Price":3842.49000000,"Amount":11.00000000,"Done":false},{"Time":"2019-03-01T15:26:40","Situation":"unknown","Type":"ask","Price":3845.00000000,"Amount":10.86860700,"Done":false},{"Time":"2019-03-01T15:31:42","Situation":"unknown","Type":"ask","Price":3840.00000000,"Amount":14.13189800,"Done":false},{"Time":"2019-03-01T15:31:42","Situation":"unknown","Type":"ask","Price":3842.49000000,"Amount":11.00000000,"Done":false},{"Time":"2019-03-01T15:36:45","Situation":"unknown","Type":"ask","Price":3840.00000000,"Amount":13.98048600,"Done":false},{"Time":"2019-03-01T15:36:45","Situation":"unknown","Type":"ask","Price":3842.49000000,"Amount":11.00000000,"Done":false},{"Time":"2019-03-01T15:36:45","Situation":"unknown","Type":"ask","Price":3845.00000000,"Amount":10.86860700,"Done":false},{"Time":"2019-03-01T15:41:49","Situation":"unknown","Type":"ask","Price":3840.00000000,"Amount":14.01405400,"Done":false},{"Time":"2019-03-01T15:41:49","Situation":"unknown","Type":"ask","Price":3842.49000000,"Amount":11.00000000,"Done":false},{"Time":"2019-03-01T15:41:49","Situation":"unknown","Type":"ask","Price":3845.00000000,"Amount":10.86860700,"Done":false},{"Time":"2019-03-01T15:46:53","Situation":"unknown","Type":"ask","Price":3838.00000000,"Amount":26.27841200,"Done":false},{"Time":"2019-03-01T15:46:53","Situation":"unknown","Type":"ask","Price":3840.00000000,"Amount":13.37841900,"Done":false},{"Time":"2019-03-01T15:46:53","Situation":"unknown","Type":"ask","Price":3842.49000000,"Amount":11.00000000,"Done":false},{"Time":"2019-03-01T15:46:53","Situation":"unknown","Type":"ask","Price":3845.00000000,"Amount":10.35833400,"Done":false},{"Time":"2019-03-01T15:51:55","Situation":"unknown","Type":"ask","Price":3834.85000000,"Amount":17.69692300,"Done":false},{"Time":"2019-03-01T15:51:55","Situation":"unknown","Type":"ask","Price":3840.00000000,"Amount":13.37841900,"Done":false},{"Time":"2019-03-01T15:51:55","Situation":"unknown","Type":"ask","Price":3842.49000000,"Amount":11.00000000,"Done":false},{"Time":"2019-03-01T15:56:56","Situation":"unknown","Type":"ask","Price":3840.00000000,"Amount":13.37841900,"Done":false},{"Time":"2019-03-01T15:56:56","Situation":"unknown","Type":"ask","Price":3842.49000000,"Amount":11.00000000,"Done":false},{"Time":"2019-03-01T16:02:00","Situation":"unknown","Type":"ask","Price":3835.00000000,"Amount":26.36347500,"Done":false},{"Time":"2019-03-01T16:02:00","Situation":"unknown","Type":"ask","Price":3842.49000000,"Amount":11.00000000,"Done":false},{"Time":"2019-03-01T16:07:02","Situation":"unknown","Type":"ask","Price":3835.00000000,"Amount":22.25587500,"Done":false},{"Time":"2019-03-01T16:07:02","Situation":"unknown","Type":"ask","Price":3842.49000000,"Amount":11.00000000,"Done":false},{"Time":"2019-03-01T16:12:05","Situation":"unknown","Type":"ask","Price":3835.00000000,"Amount":22.40898400,"Done":false},{"Time":"2019-03-01T16:12:05","Situation":"unknown","Type":"ask","Price":3842.49000000,"Amount":11.00000000,"Done":false},{"Time":"2019-03-01T16:17:08","Situation":"unknown","Type":"ask","Price":3838.62000000,"Amount":10.00000000,"Done":false},{"Time":"2019-03-01T16:17:08","Situation":"unknown","Type":"ask","Price":3846.53000000,"Amount":11.00000000,"Done":false},{"Time":"2019-03-01T16:17:08","Situation":"unknown","Type":"ask","Price":3850.00000000,"Amount":24.72569600,"Done":false},{"Time":"2019-03-01T16:17:08","Situation":"unknown","Type":"ask","Price":3851.00000000,"Amount":15.00000000,"Done":false},{"Time":"2019-03-01T16:22:09","Situation":"unknown","Type":"ask","Price":3839.30000000,"Amount":10.00000000,"Done":false},{"Time":"2019-03-01T16:22:09","Situation":"unknown","Type":"ask","Price":3842.00000000,"Amount":25.58070000,"Done":false},{"Time":"2019-03-01T16:22:09","Situation":"unknown","Type":"ask","Price":3850.00000000,"Amount":30.87041600,"Done":false},{"Time":"2019-03-01T16:22:09","Situation":"unknown","Type":"ask","Price":3850.78000000,"Amount":11.00000000,"Done":false},{"Time":"2019-03-01T16:22:09","Situation":"unknown","Type":"ask","Price":3851.00000000,"Amount":15.00000000,"Done":false},{"Time":"2019-03-01T16:27:10","Situation":"unknown","Type":"ask","Price":3840.00000000,"Amount":25.80772400,"Done":false},{"Time":"2019-03-01T16:27:10","Situation":"unknown","Type":"ask","Price":3846.92000000,"Amount":11.00000000,"Done":false},{"Time":"2019-03-01T16:27:10","Situation":"unknown","Type":"ask","Price":3850.00000000,"Amount":30.08935400,"Done":false},{"Time":"2019-03-01T16:27:10","Situation":"unknown","Type":"ask","Price":3851.00000000,"Amount":15.00000000,"Done":false},{"Time":"2019-03-01T16:32:12","Situation":"unknown","Type":"ask","Price":3840.00000000,"Amount":25.58970000,"Done":false},{"Time":"2019-03-01T16:32:12","Situation":"unknown","Type":"ask","Price":3844.00000000,"Amount":15.93752200,"Done":false},{"Time":"2019-03-01T16:32:12","Situation":"unknown","Type":"ask","Price":3846.92000000,"Amount":11.00000000,"Done":false},{"Time":"2019-03-01T16:32:12","Situation":"unknown","Type":"ask","Price":3850.00000000,"Amount":23.95130300,"Done":false},{"Time":"2019-03-01T16:32:12","Situation":"unknown","Type":"ask","Price":3851.00000000,"Amount":15.00000000,"Done":false},{"Time":"2019-03-01T16:37:16","Situation":"unknown","Type":"ask","Price":3838.03000000,"Amount":10.68480000,"Done":false},{"Time":"2019-03-01T16:37:16","Situation":"unknown","Type":"ask","Price":3840.00000000,"Amount":26.69408000,"Done":false},{"Time":"2019-03-01T16:37:16","Situation":"unknown","Type":"ask","Price":3844.00000000,"Amount":15.94376600,"Done":false},{"Time":"2019-03-01T16:37:16","Situation":"unknown","Type":"ask","Price":3846.92000000,"Amount":11.00000000,"Done":false},{"Time":"2019-03-01T16:37:16","Situation":"unknown","Type":"ask","Price":3850.00000000,"Amount":23.99605500,"Done":false},{"Time":"2019-03-01T16:37:16","Situation":"unknown","Type":"ask","Price":3851.00000000,"Amount":15.00000000,"Done":false},{"Time":"2019-03-01T16:42:19","Situation":"unknown","Type":"ask","Price":3840.00000000,"Amount":31.58639000,"Done":false},{"Time":"2019-03-01T16:42:19","Situation":"unknown","Type":"ask","Price":3844.00000000,"Amount":15.94376600,"Done":false},{"Time":"2019-03-01T16:42:19","Situation":"unknown","Type":"ask","Price":3846.92000000,"Amount":11.00000000,"Done":false},{"Time":"2019-03-01T16:42:19","Situation":"unknown","Type":"ask","Price":3850.00000000,"Amount":21.26042000,"Done":false},{"Time":"2019-03-01T16:42:19","Situation":"unknown","Type":"ask","Price":3851.00000000,"Amount":15.00000000,"Done":false},{"Time":"2019-03-01T16:47:21","Situation":"unknown","Type":"ask","Price":3844.00000000,"Amount":15.93752200,"Done":false},{"Time":"2019-03-01T16:47:21","Situation":"unknown","Type":"ask","Price":3850.00000000,"Amount":21.24148200,"Done":false},{"Time":"2019-03-01T16:47:21","Situation":"unknown","Type":"ask","Price":3850.85000000,"Amount":11.00000000,"Done":false},{"Time":"2019-03-01T16:47:21","Situation":"unknown","Type":"ask","Price":3851.00000000,"Amount":15.00000000,"Done":false},{"Time":"2019-03-01T16:52:25","Situation":"unknown","Type":"ask","Price":3850.00000000,"Amount":21.64341500,"Done":false},{"Time":"2019-03-01T16:52:25","Situation":"unknown","Type":"ask","Price":3851.00000000,"Amount":15.00000000,"Done":false},{"Time":"2019-03-01T16:52:25","Situation":"unknown","Type":"ask","Price":3854.54000000,"Amount":11.00000000,"Done":false},{"Time":"2019-03-01T16:52:25","Situation":"unknown","Type":"ask","Price":3855.00000000,"Amount":12.11176500,"Done":false},{"Time":"2019-03-01T16:57:25","Situation":"unknown","Type":"ask","Price":3844.86000000,"Amount":12.20000000,"Done":false},{"Time":"2019-03-01T16:57:25","Situation":"unknown","Type":"ask","Price":3850.00000000,"Amount":21.14341500,"Done":false},{"Time":"2019-03-01T16:57:25","Situation":"unknown","Type":"ask","Price":3850.57000000,"Amount":11.00000000,"Done":false},{"Time":"2019-03-01T16:57:25","Situation":"unknown","Type":"ask","Price":3851.00000000,"Amount":15.58218100,"Done":false},{"Time":"2019-03-01T17:02:28","Situation":"unknown","Type":"ask","Price":3844.86000000,"Amount":12.20000000,"Done":false},{"Time":"2019-03-01T17:02:28","Situation":"unknown","Type":"ask","Price":3850.00000000,"Amount":21.14341500,"Done":false},{"Time":"2019-03-01T17:02:28","Situation":"unknown","Type":"ask","Price":3851.00000000,"Amount":15.58218100,"Done":false},{"Time":"2019-03-01T17:02:28","Situation":"unknown","Type":"ask","Price":3855.00000000,"Amount":12.03199500,"Done":false},{"Time":"2019-03-01T17:07:32","Situation":"unknown","Type":"ask","Price":3850.00000000,"Amount":21.27398800,"Done":false},{"Time":"2019-03-01T17:07:32","Situation":"unknown","Type":"ask","Price":3851.00000000,"Amount":15.84621600,"Done":false},{"Time":"2019-03-01T17:07:32","Situation":"unknown","Type":"ask","Price":3855.00000000,"Amount":12.05699500,"Done":false},{"Time":"2019-03-01T17:12:35","Situation":"unknown","Type":"ask","Price":3850.00000000,"Amount":21.12121300,"Done":false},{"Time":"2019-03-01T17:12:35","Situation":"unknown","Type":"ask","Price":3851.00000000,"Amount":15.84621600,"Done":false},{"Time":"2019-03-01T17:17:36","Situation":"unknown","Type":"ask","Price":3846.32000000,"Amount":11.30000000,"Done":false},{"Time":"2019-03-01T17:17:36","Situation":"unknown","Type":"ask","Price":3850.00000000,"Amount":20.90948100,"Done":false},{"Time":"2019-03-01T17:17:36","Situation":"unknown","Type":"ask","Price":3851.00000000,"Amount":15.84621600,"Done":false},{"Time":"2019-03-01T17:17:36","Situation":"unknown","Type":"ask","Price":3855.00000000,"Amount":12.05699500,"Done":false},{"Time":"2019-03-01T17:22:39","Situation":"unknown","Type":"ask","Price":3850.00000000,"Amount":22.66387200,"Done":false},{"Time":"2019-03-01T17:22:39","Situation":"unknown","Type":"ask","Price":3851.00000000,"Amount":15.84621600,"Done":false},{"Time":"2019-03-01T17:22:39","Situation":"unknown","Type":"ask","Price":3855.00000000,"Amount":12.06199500,"Done":false},{"Time":"2019-03-01T17:27:39","Situation":"unknown","Type":"ask","Price":3854.93000000,"Amount":22.30000000,"Done":false},{"Time":"2019-03-01T17:27:39","Situation":"unknown","Type":"ask","Price":3855.00000000,"Amount":12.06199500,"Done":false},{"Time":"2019-03-01T17:27:39","Situation":"unknown","Type":"ask","Price":3859.52000000,"Amount":44.25673500,"Done":false},{"Time":"2019-03-01T17:27:39","Situation":"unknown","Type":"ask","Price":3860.00000000,"Amount":13.33807400,"Done":false},{"Time":"2019-03-01T17:27:39","Situation":"unknown","Type":"ask","Price":3865.00000000,"Amount":11.64101300,"Done":false},{"Time":"2019-03-01T17:32:40","Situation":"unknown","Type":"ask","Price":3855.00000000,"Amount":12.45324400,"Done":false},{"Time":"2019-03-01T17:32:40","Situation":"unknown","Type":"ask","Price":3860.00000000,"Amount":13.35119900,"Done":false},{"Time":"2019-03-01T17:37:41","Situation":"unknown","Type":"ask","Price":3850.00000000,"Amount":10.46869800,"Done":false},{"Time":"2019-03-01T17:37:41","Situation":"unknown","Type":"ask","Price":3852.88000000,"Amount":22.32568600,"Done":false},{"Time":"2019-03-01T17:37:41","Situation":"unknown","Type":"ask","Price":3852.98000000,"Amount":18.57919500,"Done":false},{"Time":"2019-03-01T17:37:41","Situation":"unknown","Type":"ask","Price":3855.00000000,"Amount":12.68152700,"Done":false},{"Time":"2019-03-01T17:37:41","Situation":"unknown","Type":"ask","Price":3860.00000000,"Amount":13.34807400,"Done":false},{"Time":"2019-03-01T17:42:42","Situation":"unknown","Type":"ask","Price":3850.61000000,"Amount":30.82530400,"Done":false},{"Time":"2019-03-01T17:42:42","Situation":"unknown","Type":"ask","Price":3860.00000000,"Amount":13.34807400,"Done":false},{"Time":"2019-03-01T17:47:46","Situation":"unknown","Type":"ask","Price":3851.97000000,"Amount":15.50000000,"Done":false},{"Time":"2019-03-01T17:47:46","Situation":"unknown","Type":"ask","Price":3860.00000000,"Amount":13.43270900,"Done":false},{"Time":"2019-03-01T17:52:48","Situation":"unknown","Type":"ask","Price":3852.00000000,"Amount":14.00000000,"Done":false},{"Time":"2019-03-01T17:52:48","Situation":"unknown","Type":"ask","Price":3860.00000000,"Amount":13.77133700,"Done":false},{"Time":"2019-03-01T17:52:48","Situation":"unknown","Type":"ask","Price":3860.32000000,"Amount":11.00000000,"Done":false},{"Time":"2019-03-01T17:57:50","Situation":"unknown","Type":"ask","Price":3855.94000000,"Amount":11.00000000,"Done":false},{"Time":"2019-03-01T17:57:50","Situation":"unknown","Type":"ask","Price":3860.00000000,"Amount":13.72402900,"Done":false},{"Time":"2019-03-01T18:02:54","Situation":"unknown","Type":"ask","Price":3859.85000000,"Amount":11.00000000,"Done":false},{"Time":"2019-03-01T18:02:54","Situation":"unknown","Type":"ask","Price":3860.00000000,"Amount":14.29651400,"Done":false},{"Time":"2019-03-01T18:07:55","Situation":"unknown","Type":"ask","Price":3859.85000000,"Amount":11.00000000,"Done":false},{"Time":"2019-03-01T18:07:55","Situation":"unknown","Type":"ask","Price":3860.00000000,"Amount":14.33911400,"Done":false},{"Time":"2019-03-01T18:12:59","Situation":"unknown","Type":"ask","Price":3844.52000000,"Amount":12.00000000,"Done":false},{"Time":"2019-03-01T18:12:59","Situation":"unknown","Type":"ask","Price":3851.45000000,"Amount":11.00000000,"Done":false},{"Time":"2019-03-01T18:12:59","Situation":"unknown","Type":"ask","Price":3860.00000000,"Amount":14.34211100,"Done":false},{"Time":"2019-03-01T18:18:01","Situation":"unknown","Type":"ask","Price":3855.39000000,"Amount":11.00000000,"Done":false},{"Time":"2019-03-01T18:18:01","Situation":"unknown","Type":"ask","Price":3860.00000000,"Amount":14.15802300,"Done":false},{"Time":"2019-03-01T18:23:04","Situation":"unknown","Type":"ask","Price":3850.96000000,"Amount":12.90000000,"Done":false},{"Time":"2019-03-01T18:23:04","Situation":"unknown","Type":"ask","Price":3851.11000000,"Amount":10.20000000,"Done":false},{"Time":"2019-03-01T18:23:04","Situation":"unknown","Type":"ask","Price":3859.54000000,"Amount":11.00000000,"Done":false},{"Time":"2019-03-01T18:23:04","Situation":"unknown","Type":"ask","Price":3860.00000000,"Amount":14.15802300,"Done":false},{"Time":"2019-03-01T18:28:07","Situation":"unknown","Type":"ask","Price":3850.72000000,"Amount":22.30000000,"Done":false},{"Time":"2019-03-01T18:28:07","Situation":"unknown","Type":"ask","Price":3859.54000000,"Amount":11.00000000,"Done":false},{"Time":"2019-03-01T18:28:07","Situation":"unknown","Type":"ask","Price":3860.00000000,"Amount":14.15802300,"Done":false},{"Time":"2019-03-01T18:33:07","Situation":"unknown","Type":"ask","Price":3855.61000000,"Amount":11.00000000,"Done":false},{"Time":"2019-03-01T18:33:07","Situation":"unknown","Type":"ask","Price":3860.00000000,"Amount":14.15075900,"Done":false},{"Time":"2019-03-01T18:38:08","Situation":"unknown","Type":"ask","Price":3851.00000000,"Amount":25.82672400,"Done":false},{"Time":"2019-03-01T18:38:08","Situation":"unknown","Type":"ask","Price":3855.61000000,"Amount":11.00000000,"Done":false},{"Time":"2019-03-01T18:38:08","Situation":"unknown","Type":"ask","Price":3860.00000000,"Amount":14.81231400,"Done":false},{"Time":"2019-03-01T18:43:09","Situation":"unknown","Type":"ask","Price":3851.00000000,"Amount":26.32672400,"Done":false},{"Time":"2019-03-01T18:43:09","Situation":"unknown","Type":"ask","Price":3855.61000000,"Amount":11.00000000,"Done":false},{"Time":"2019-03-01T18:43:09","Situation":"unknown","Type":"ask","Price":3860.00000000,"Amount":14.76971400,"Done":false},{"Time":"2019-03-01T18:48:12","Situation":"unknown","Type":"ask","Price":3851.00000000,"Amount":26.32672400,"Done":false},{"Time":"2019-03-01T18:48:12","Situation":"unknown","Type":"ask","Price":3855.71000000,"Amount":11.00878500,"Done":false},{"Time":"2019-03-01T18:48:12","Situation":"unknown","Type":"ask","Price":3860.00000000,"Amount":14.76971400,"Done":false},{"Time":"2019-03-01T18:53:16","Situation":"unknown","Type":"ask","Price":3851.00000000,"Amount":30.10672400,"Done":false},{"Time":"2019-03-01T18:53:16","Situation":"unknown","Type":"ask","Price":3855.71000000,"Amount":11.00878500,"Done":false},{"Time":"2019-03-01T18:53:16","Situation":"unknown","Type":"ask","Price":3860.00000000,"Amount":14.77395900,"Done":false},{"Time":"2019-03-01T18:58:18","Situation":"unknown","Type":"ask","Price":3848.63000000,"Amount":10.40000000,"Done":false},{"Time":"2019-03-01T18:58:18","Situation":"unknown","Type":"ask","Price":3850.00000000,"Amount":25.48998300,"Done":false},{"Time":"2019-03-01T18:58:18","Situation":"unknown","Type":"ask","Price":3855.71000000,"Amount":11.00878500,"Done":false},{"Time":"2019-03-01T18:58:18","Situation":"unknown","Type":"ask","Price":3860.00000000,"Amount":14.46447200,"Done":false},{"Time":"2019-03-01T19:03:21","Situation":"unknown","Type":"ask","Price":3850.00000000,"Amount":13.72535100,"Done":false},{"Time":"2019-03-01T19:03:21","Situation":"unknown","Type":"ask","Price":3859.60000000,"Amount":11.00000000,"Done":false},{"Time":"2019-03-01T19:03:21","Situation":"unknown","Type":"ask","Price":3860.00000000,"Amount":14.46447200,"Done":false},{"Time":"2019-03-01T19:08:21","Situation":"unknown","Type":"ask","Price":3854.00000000,"Amount":25.18630200,"Done":false},{"Time":"2019-03-01T19:08:21","Situation":"unknown","Type":"ask","Price":3859.60000000,"Amount":11.00000000,"Done":false},{"Time":"2019-03-01T19:08:21","Situation":"unknown","Type":"ask","Price":3860.00000000,"Amount":14.46564500,"Done":false},{"Time":"2019-03-01T19:13:24","Situation":"unknown","Type":"ask","Price":3849.90000000,"Amount":22.97159000,"Done":false},{"Time":"2019-03-01T19:13:24","Situation":"unknown","Type":"ask","Price":3850.70000000,"Amount":24.21495200,"Done":false},{"Time":"2019-03-01T19:13:24","Situation":"unknown","Type":"ask","Price":3855.62000000,"Amount":11.11200000,"Done":false},{"Time":"2019-03-01T19:13:24","Situation":"unknown","Type":"ask","Price":3860.00000000,"Amount":14.46564500,"Done":false},{"Time":"2019-03-01T19:18:28","Situation":"unknown","Type":"ask","Price":3849.90000000,"Amount":22.36015600,"Done":false},{"Time":"2019-03-01T19:18:28","Situation":"unknown","Type":"ask","Price":3850.00000000,"Amount":11.68607300,"Done":false},{"Time":"2019-03-01T19:18:28","Situation":"unknown","Type":"ask","Price":3850.70000000,"Amount":27.78145200,"Done":false},{"Time":"2019-03-01T19:18:28","Situation":"unknown","Type":"ask","Price":3855.62000000,"Amount":11.11200000,"Done":false},{"Time":"2019-03-01T19:18:28","Situation":"unknown","Type":"ask","Price":3858.70000000,"Amount":11.03190000,"Done":false},{"Time":"2019-03-01T19:18:28","Situation":"unknown","Type":"ask","Price":3860.00000000,"Amount":14.94588900,"Done":false},{"Time":"2019-03-01T19:23:31","Situation":"unknown","Type":"ask","Price":3849.90000000,"Amount":22.36015600,"Done":false},{"Time":"2019-03-01T19:23:31","Situation":"unknown","Type":"ask","Price":3855.62000000,"Amount":11.11200000,"Done":false},{"Time":"2019-03-01T19:23:31","Situation":"unknown","Type":"ask","Price":3860.00000000,"Amount":14.94588900,"Done":false},{"Time":"2019-03-01T19:28:31","Situation":"unknown","Type":"ask","Price":3849.00000000,"Amount":32.69600600,"Done":false},{"Time":"2019-03-01T19:28:31","Situation":"unknown","Type":"ask","Price":3849.90000000,"Amount":22.36015600,"Done":false},{"Time":"2019-03-01T19:28:31","Situation":"unknown","Type":"ask","Price":3855.62000000,"Amount":11.11200000,"Done":false},{"Time":"2019-03-01T19:28:31","Situation":"unknown","Type":"ask","Price":3860.00000000,"Amount":14.94588900,"Done":false},{"Time":"2019-03-01T19:33:35","Situation":"unknown","Type":"ask","Price":3847.40000000,"Amount":32.69600600,"Done":false},{"Time":"2019-03-01T19:33:35","Situation":"unknown","Type":"ask","Price":3849.90000000,"Amount":22.36015600,"Done":false},{"Time":"2019-03-01T19:33:35","Situation":"unknown","Type":"ask","Price":3855.62000000,"Amount":11.11200000,"Done":false},{"Time":"2019-03-01T19:33:35","Situation":"unknown","Type":"ask","Price":3860.00000000,"Amount":14.94588900,"Done":false},{"Time":"2019-03-01T19:38:36","Situation":"unknown","Type":"ask","Price":3849.90000000,"Amount":22.36015600,"Done":false},{"Time":"2019-03-01T19:38:36","Situation":"unknown","Type":"ask","Price":3855.62000000,"Amount":11.11200000,"Done":false},{"Time":"2019-03-01T19:38:36","Situation":"unknown","Type":"ask","Price":3860.00000000,"Amount":14.94588900,"Done":false},{"Time":"2019-03-01T19:43:37","Situation":"unknown","Type":"ask","Price":3847.00000000,"Amount":17.92856000,"Done":false},{"Time":"2019-03-01T19:43:37","Situation":"unknown","Type":"ask","Price":3849.90000000,"Amount":22.36015600,"Done":false},{"Time":"2019-03-01T19:43:37","Situation":"unknown","Type":"ask","Price":3855.62000000,"Amount":11.11200000,"Done":false},{"Time":"2019-03-01T19:43:37","Situation":"unknown","Type":"ask","Price":3860.00000000,"Amount":14.94588900,"Done":false},{"Time":"2019-03-01T19:48:37","Situation":"unknown","Type":"ask","Price":3855.62000000,"Amount":11.11200000,"Done":false},{"Time":"2019-03-01T19:48:37","Situation":"unknown","Type":"ask","Price":3860.00000000,"Amount":14.94588900,"Done":false},{"Time":"2019-03-01T19:53:37","Situation":"unknown","Type":"ask","Price":3846.42000000,"Amount":22.60000000,"Done":false},{"Time":"2019-03-01T19:53:37","Situation":"unknown","Type":"ask","Price":3855.62000000,"Amount":11.11200000,"Done":false},{"Time":"2019-03-01T19:58:41","Situation":"unknown","Type":"ask","Price":3855.62000000,"Amount":11.11200000,"Done":false},{"Time":"2019-03-01T19:58:41","Situation":"unknown","Type":"ask","Price":3860.00000000,"Amount":17.94950100,"Done":false},{"Time":"2019-03-01T20:03:43","Situation":"unknown","Type":"ask","Price":3845.00000000,"Amount":16.10463200,"Done":false},{"Time":"2019-03-01T20:03:43","Situation":"unknown","Type":"ask","Price":3846.00000000,"Amount":10.85355600,"Done":false},{"Time":"2019-03-01T20:03:43","Situation":"unknown","Type":"ask","Price":3855.62000000,"Amount":11.11200000,"Done":false},{"Time":"2019-03-01T20:03:43","Situation":"unknown","Type":"ask","Price":3860.00000000,"Amount":17.76541300,"Done":false},{"Time":"2019-03-01T20:08:46","Situation":"unknown","Type":"ask","Price":3851.72000000,"Amount":11.00000000,"Done":false},{"Time":"2019-03-01T20:13:48","Situation":"unknown","Type":"ask","Price":3851.72000000,"Amount":11.00000000,"Done":false},{"Time":"2019-03-01T20:18:50","Situation":"unknown","Type":"ask","Price":3845.95000000,"Amount":22.40000000,"Done":false},{"Time":"2019-03-01T20:18:50","Situation":"unknown","Type":"ask","Price":3855.84000000,"Amount":11.00000000,"Done":false},{"Time":"2019-03-01T20:18:50","Situation":"unknown","Type":"ask","Price":3857.00000000,"Amount":10.05470500,"Done":false},{"Time":"2019-03-01T20:23:54","Situation":"unknown","Type":"ask","Price":3855.84000000,"Amount":11.00000000,"Done":false},{"Time":"2019-03-01T20:23:54","Situation":"unknown","Type":"ask","Price":3857.00000000,"Amount":10.05470500,"Done":false},{"Time":"2019-03-01T20:23:54","Situation":"unknown","Type":"ask","Price":3860.00000000,"Amount":17.76541300,"Done":false},{"Time":"2019-03-01T20:28:55","Situation":"unknown","Type":"ask","Price":3846.90000000,"Amount":34.50140100,"Done":false},{"Time":"2019-03-01T20:28:55","Situation":"unknown","Type":"ask","Price":3855.84000000,"Amount":11.00000000,"Done":false},{"Time":"2019-03-01T20:28:55","Situation":"unknown","Type":"ask","Price":3857.00000000,"Amount":10.05470500,"Done":false},{"Time":"2019-03-01T20:28:55","Situation":"unknown","Type":"ask","Price":3860.00000000,"Amount":17.76541300,"Done":false},{"Time":"2019-03-01T20:33:58","Situation":"unknown","Type":"ask","Price":3855.84000000,"Amount":11.00000000,"Done":false},{"Time":"2019-03-01T20:33:58","Situation":"unknown","Type":"ask","Price":3857.00000000,"Amount":10.05470500,"Done":false},{"Time":"2019-03-01T20:33:58","Situation":"unknown","Type":"ask","Price":3860.00000000,"Amount":17.76541300,"Done":false},{"Time":"2019-03-01T20:39:02","Situation":"unknown","Type":"ask","Price":3855.84000000,"Amount":11.00000000,"Done":false},{"Time":"2019-03-01T20:39:02","Situation":"unknown","Type":"ask","Price":3857.00000000,"Amount":10.05470500,"Done":false},{"Time":"2019-03-01T20:39:02","Situation":"unknown","Type":"ask","Price":3860.00000000,"Amount":17.76541300,"Done":false},{"Time":"2019-03-01T20:44:03","Situation":"unknown","Type":"ask","Price":3855.84000000,"Amount":11.00000000,"Done":false},{"Time":"2019-03-01T20:44:03","Situation":"unknown","Type":"ask","Price":3857.00000000,"Amount":10.05470500,"Done":false},{"Time":"2019-03-01T20:49:07","Situation":"unknown","Type":"ask","Price":3855.84000000,"Amount":11.00000000,"Done":false},{"Time":"2019-03-01T20:49:07","Situation":"unknown","Type":"ask","Price":3857.00000000,"Amount":10.05470500,"Done":false},{"Time":"2019-03-01T20:49:07","Situation":"unknown","Type":"ask","Price":3860.00000000,"Amount":14.89001700,"Done":false},{"Time":"2019-03-01T20:54:07","Situation":"unknown","Type":"ask","Price":3855.84000000,"Amount":11.00000000,"Done":false},{"Time":"2019-03-01T20:54:07","Situation":"unknown","Type":"ask","Price":3857.00000000,"Amount":10.05470500,"Done":false},{"Time":"2019-03-01T20:59:10","Situation":"unknown","Type":"ask","Price":3855.84000000,"Amount":11.00000000,"Done":false},{"Time":"2019-03-01T20:59:10","Situation":"unknown","Type":"ask","Price":3857.00000000,"Amount":10.05470500,"Done":false},{"Time":"2019-03-01T21:04:11","Situation":"unknown","Type":"ask","Price":3851.93000000,"Amount":11.00000000,"Done":false},{"Time":"2019-03-01T21:04:11","Situation":"unknown","Type":"ask","Price":3857.00000000,"Amount":10.05470500,"Done":false},{"Time":"2019-03-01T21:09:15","Situation":"unknown","Type":"ask","Price":3851.93000000,"Amount":11.00000000,"Done":false},{"Time":"2019-03-01T21:09:15","Situation":"unknown","Type":"ask","Price":3857.00000000,"Amount":10.05470500,"Done":false},{"Time":"2019-03-01T21:14:19","Situation":"unknown","Type":"ask","Price":3846.13000000,"Amount":14.10000000,"Done":false},{"Time":"2019-03-01T21:14:19","Situation":"unknown","Type":"ask","Price":3855.89000000,"Amount":11.00000000,"Done":false},{"Time":"2019-03-01T21:14:19","Situation":"unknown","Type":"ask","Price":3857.00000000,"Amount":10.05470500,"Done":false},{"Time":"2019-03-01T21:19:19","Situation":"unknown","Type":"ask","Price":3855.89000000,"Amount":11.00000000,"Done":false},{"Time":"2019-03-01T21:19:19","Situation":"unknown","Type":"ask","Price":3857.00000000,"Amount":10.05470500,"Done":false},{"Time":"2019-03-01T21:19:19","Situation":"unknown","Type":"ask","Price":3860.00000000,"Amount":14.89001700,"Done":false},{"Time":"2019-03-01T21:24:22","Situation":"unknown","Type":"ask","Price":3855.89000000,"Amount":11.00000000,"Done":false},{"Time":"2019-03-01T21:24:22","Situation":"unknown","Type":"ask","Price":3857.00000000,"Amount":10.05470500,"Done":false},{"Time":"2019-03-01T21:24:22","Situation":"unknown","Type":"ask","Price":3860.00000000,"Amount":14.89001700,"Done":false},{"Time":"2019-03-01T21:29:23","Situation":"unknown","Type":"ask","Price":3855.89000000,"Amount":11.00000000,"Done":false},{"Time":"2019-03-01T21:29:23","Situation":"unknown","Type":"ask","Price":3857.00000000,"Amount":10.05470500,"Done":false},{"Time":"2019-03-01T21:29:23","Situation":"unknown","Type":"ask","Price":3860.00000000,"Amount":14.89001700,"Done":false},{"Time":"2019-03-01T21:34:25","Situation":"unknown","Type":"ask","Price":3848.26000000,"Amount":17.78539400,"Done":false},{"Time":"2019-03-01T21:34:25","Situation":"unknown","Type":"ask","Price":3855.89000000,"Amount":11.00000000,"Done":false},{"Time":"2019-03-01T21:34:25","Situation":"unknown","Type":"ask","Price":3857.00000000,"Amount":10.05470500,"Done":false},{"Time":"2019-03-01T21:34:25","Situation":"unknown","Type":"ask","Price":3860.00000000,"Amount":14.89314700,"Done":false},{"Time":"2019-03-01T21:39:26","Situation":"unknown","Type":"ask","Price":3857.00000000,"Amount":10.05470500,"Done":false},{"Time":"2019-03-01T21:39:26","Situation":"unknown","Type":"ask","Price":3860.00000000,"Amount":14.89314700,"Done":false},{"Time":"2019-03-01T21:44:28","Situation":"unknown","Type":"ask","Price":3857.00000000,"Amount":10.05470500,"Done":false},{"Time":"2019-03-01T21:44:28","Situation":"unknown","Type":"ask","Price":3860.00000000,"Amount":14.95503600,"Done":false},{"Time":"2019-03-01T21:49:30","Situation":"unknown","Type":"ask","Price":3857.00000000,"Amount":10.05470500,"Done":false},{"Time":"2019-03-01T21:49:30","Situation":"unknown","Type":"ask","Price":3860.00000000,"Amount":14.95190600,"Done":false},{"Time":"2019-03-01T21:54:30","Situation":"unknown","Type":"ask","Price":3857.00000000,"Amount":10.05470500,"Done":false},{"Time":"2019-03-01T21:54:30","Situation":"unknown","Type":"ask","Price":3860.00000000,"Amount":11.95190600,"Done":false},{"Time":"2019-03-01T21:59:32","Situation":"unknown","Type":"ask","Price":3857.00000000,"Amount":10.05470500,"Done":false},{"Time":"2019-03-01T21:59:32","Situation":"unknown","Type":"ask","Price":3860.00000000,"Amount":11.97320600,"Done":false},{"Time":"2019-03-01T22:04:36","Situation":"unknown","Type":"ask","Price":3857.00000000,"Amount":10.05470500,"Done":false},{"Time":"2019-03-01T22:04:36","Situation":"unknown","Type":"ask","Price":3860.00000000,"Amount":11.97320600,"Done":false},{"Time":"2019-03-01T22:09:38","Situation":"unknown","Type":"ask","Price":3857.00000000,"Amount":10.05470500,"Done":false},{"Time":"2019-03-01T22:09:38","Situation":"unknown","Type":"ask","Price":3860.00000000,"Amount":11.97320600,"Done":false},{"Time":"2019-03-01T22:14:11","Situation":"unknown","Type":"ask","Price":3860.00000000,"Amount":11.86876300,"Done":false},{"Time":"2019-03-01T22:15:51","Situation":"unknown","Type":"ask","Price":3860.00000000,"Amount":11.68243800,"Done":false},{"Time":"2019-03-01T22:20:53","Situation":"unknown","Type":"ask","Price":3860.00000000,"Amount":11.67699100,"Done":false},{"Time":"2019-03-01T22:25:53","Situation":"unknown","Type":"ask","Price":3850.00000000,"Amount":10.41613400,"Done":false},{"Time":"2019-03-01T22:25:53","Situation":"unknown","Type":"ask","Price":3860.00000000,"Amount":11.67699100,"Done":false},{"Time":"2019-03-01T22:30:53","Situation":"unknown","Type":"ask","Price":3850.00000000,"Amount":10.40524600,"Done":false},{"Time":"2019-03-01T22:30:53","Situation":"unknown","Type":"ask","Price":3860.00000000,"Amount":11.67699100,"Done":false},{"Time":"2019-03-01T22:35:56","Situation":"unknown","Type":"ask","Price":3850.00000000,"Amount":10.49092300,"Done":false},{"Time":"2019-03-01T22:35:56","Situation":"unknown","Type":"ask","Price":3860.00000000,"Amount":11.88786800,"Done":false},{"Time":"2019-03-01T22:41:00","Situation":"unknown","Type":"ask","Price":3850.00000000,"Amount":10.49092300,"Done":false},{"Time":"2019-03-01T22:41:00","Situation":"unknown","Type":"ask","Price":3860.00000000,"Amount":11.88786800,"Done":false},{"Time":"2019-03-01T22:46:04","Situation":"unknown","Type":"ask","Price":3834.53000000,"Amount":12.03244600,"Done":false},{"Time":"2019-03-01T22:46:04","Situation":"unknown","Type":"ask","Price":3835.00000000,"Amount":10.05715400,"Done":false},{"Time":"2019-03-01T22:46:04","Situation":"unknown","Type":"ask","Price":3850.00000000,"Amount":10.49092300,"Done":false},{"Time":"2019-03-01T22:51:06","Situation":"unknown","Type":"ask","Price":3834.53000000,"Amount":11.33605000,"Done":false},{"Time":"2019-03-01T22:51:06","Situation":"unknown","Type":"ask","Price":3850.00000000,"Amount":10.48145700,"Done":false},{"Time":"2019-03-01T22:51:06","Situation":"unknown","Type":"ask","Price":3854.35000000,"Amount":16.00000000,"Done":false},{"Time":"2019-03-01T22:56:08","Situation":"unknown","Type":"ask","Price":3834.53000000,"Amount":11.33605000,"Done":false},{"Time":"2019-03-01T22:56:08","Situation":"unknown","Type":"ask","Price":3850.00000000,"Amount":10.48145700,"Done":false},{"Time":"2019-03-01T23:01:09","Situation":"unknown","Type":"ask","Price":3834.53000000,"Amount":11.33605000,"Done":false},{"Time":"2019-03-01T23:01:09","Situation":"unknown","Type":"ask","Price":3850.00000000,"Amount":10.61525300,"Done":false},{"Time":"2019-03-01T23:06:09","Situation":"unknown","Type":"ask","Price":3834.53000000,"Amount":11.33605000,"Done":false},{"Time":"2019-03-01T23:11:10","Situation":"unknown","Type":"ask","Price":3834.53000000,"Amount":11.33605000,"Done":false},{"Time":"2019-03-01T23:16:14","Situation":"unknown","Type":"ask","Price":3850.00000000,"Amount":21.52353200,"Done":false},{"Time":"2019-03-01T23:21:17","Situation":"unknown","Type":"ask","Price":3850.00000000,"Amount":21.52353200,"Done":false},{"Time":"2019-03-01T23:26:21","Situation":"unknown","Type":"ask","Price":3840.00000000,"Amount":11.04316300,"Done":false},{"Time":"2019-03-01T23:26:21","Situation":"unknown","Type":"ask","Price":3850.00000000,"Amount":20.87710500,"Done":false},{"Time":"2019-03-01T23:26:21","Situation":"unknown","Type":"ask","Price":3854.35000000,"Amount":16.00000000,"Done":false},{"Time":"2019-03-01T23:31:22","Situation":"unknown","Type":"ask","Price":3850.00000000,"Amount":20.96342800,"Done":false},{"Time":"2019-03-01T23:36:23","Situation":"unknown","Type":"ask","Price":3850.00000000,"Amount":21.01342800,"Done":false},{"Time":"2019-03-01T23:41:26","Situation":"unknown","Type":"ask","Price":3850.00000000,"Amount":21.01342800,"Done":false},{"Time":"2019-03-01T23:46:30","Situation":"unknown","Type":"ask","Price":3850.00000000,"Amount":21.00820800,"Done":false},{"Time":"2019-03-01T23:51:30","Situation":"unknown","Type":"ask","Price":3850.00000000,"Amount":22.30820800,"Done":false},{"Time":"2019-03-02T00:11:37","Situation":"unknown","Type":"ask","Price":3830.70000000,"Amount":12.50000000,"Done":false},{"Time":"2019-03-02T00:21:44","Situation":"unknown","Type":"ask","Price":3830.00000000,"Amount":10.60728700,"Done":false},{"Time":"2019-03-02T00:26:45","Situation":"unknown","Type":"ask","Price":3830.00000000,"Amount":14.43829800,"Done":false},{"Time":"2019-03-02T00:31:46","Situation":"unknown","Type":"ask","Price":3830.00000000,"Amount":12.53147700,"Done":false},{"Time":"2019-03-02T01:52:34","Situation":"unknown","Type":"ask","Price":3849.47000000,"Amount":16.00000000,"Done":false},{"Time":"2019-03-02T01:52:34","Situation":"unknown","Type":"ask","Price":3850.00000000,"Amount":34.53506700,"Done":false},{"Time":"2019-03-02T01:57:37","Situation":"unknown","Type":"ask","Price":3836.77000000,"Amount":17.70000000,"Done":false},{"Time":"2019-03-02T02:02:39","Situation":"unknown","Type":"ask","Price":3849.47000000,"Amount":16.00000000,"Done":false},{"Time":"2019-03-02T02:07:40","Situation":"unknown","Type":"ask","Price":3849.47000000,"Amount":16.00000000,"Done":false},{"Time":"2019-03-02T02:12:44","Situation":"unknown","Type":"ask","Price":3849.47000000,"Amount":16.00000000,"Done":false},{"Time":"2019-03-02T02:12:44","Situation":"unknown","Type":"ask","Price":3850.00000000,"Amount":34.41493700,"Done":false},{"Time":"2019-03-02T02:17:45","Situation":"unknown","Type":"ask","Price":3849.47000000,"Amount":16.00000000,"Done":false},{"Time":"2019-03-02T02:17:45","Situation":"unknown","Type":"ask","Price":3850.00000000,"Amount":34.41493700,"Done":false},{"Time":"2019-03-02T02:22:48","Situation":"unknown","Type":"ask","Price":3849.47000000,"Amount":16.00000000,"Done":false},{"Time":"2019-03-02T02:22:48","Situation":"unknown","Type":"ask","Price":3850.00000000,"Amount":34.41493700,"Done":false},{"Time":"2019-03-02T02:27:52","Situation":"unknown","Type":"ask","Price":3849.47000000,"Amount":16.00000000,"Done":false},{"Time":"2019-03-02T02:32:55","Situation":"unknown","Type":"ask","Price":3849.47000000,"Amount":16.00000000,"Done":false},{"Time":"2019-03-02T02:37:58","Situation":"unknown","Type":"ask","Price":3838.31000000,"Amount":16.20000000,"Done":false},{"Time":"2019-03-02T02:43:00","Situation":"unknown","Type":"ask","Price":3850.00000000,"Amount":34.41493700,"Done":false},{"Time":"2019-03-02T02:48:04","Situation":"unknown","Type":"ask","Price":3850.00000000,"Amount":34.52985300,"Done":false},{"Time":"2019-03-02T02:53:04","Situation":"unknown","Type":"ask","Price":3850.00000000,"Amount":34.52985300,"Done":false},{"Time":"2019-03-02T02:58:08","Situation":"unknown","Type":"ask","Price":3850.00000000,"Amount":34.52985300,"Done":false},{"Time":"2019-03-02T03:08:14","Situation":"unknown","Type":"ask","Price":3839.46000000,"Amount":16.20000000,"Done":false},{"Time":"2019-03-02T03:08:14","Situation":"unknown","Type":"ask","Price":3850.00000000,"Amount":34.52985300,"Done":false},{"Time":"2019-03-02T03:13:14","Situation":"unknown","Type":"ask","Price":3850.00000000,"Amount":34.52985300,"Done":false},{"Time":"2019-03-02T03:18:16","Situation":"unknown","Type":"ask","Price":3850.00000000,"Amount":34.52985300,"Done":false},{"Time":"2019-03-02T03:23:20","Situation":"unknown","Type":"ask","Price":3850.00000000,"Amount":37.16525000,"Done":false},{"Time":"2019-03-02T03:28:21","Situation":"unknown","Type":"ask","Price":3850.00000000,"Amount":37.16525000,"Done":false},{"Time":"2019-03-02T03:33:21","Situation":"unknown","Type":"ask","Price":3850.00000000,"Amount":37.42697100,"Done":false},{"Time":"2019-03-02T03:38:24","Situation":"unknown","Type":"ask","Price":3850.00000000,"Amount":37.42697100,"Done":false},{"Time":"2019-03-02T03:43:27","Situation":"unknown","Type":"ask","Price":3850.00000000,"Amount":37.42697100,"Done":false},{"Time":"2019-03-02T03:48:29","Situation":"unknown","Type":"ask","Price":3837.11000000,"Amount":10.10000000,"Done":false},{"Time":"2019-03-02T03:48:29","Situation":"unknown","Type":"ask","Price":3850.00000000,"Amount":37.42697100,"Done":false},{"Time":"2019-03-02T03:53:31","Situation":"unknown","Type":"ask","Price":3850.00000000,"Amount":37.42697100,"Done":false},{"Time":"2019-03-02T03:58:32","Situation":"unknown","Type":"ask","Price":3850.00000000,"Amount":37.16525000,"Done":false},{"Time":"2019-03-02T04:03:33","Situation":"unknown","Type":"ask","Price":3850.00000000,"Amount":37.16818200,"Done":false},{"Time":"2019-03-02T04:38:48","Situation":"unknown","Type":"ask","Price":3838.34000000,"Amount":16.00000000,"Done":false},{"Time":"2019-03-02T04:43:48","Situation":"unknown","Type":"ask","Price":3809.80000000,"Amount":11.90000000,"Done":false},{"Time":"2019-03-02T04:43:48","Situation":"unknown","Type":"ask","Price":3826.83000000,"Amount":16.00000000,"Done":false},{"Time":"2019-03-02T04:48:51","Situation":"unknown","Type":"ask","Price":3814.10000000,"Amount":18.30000000,"Done":false},{"Time":"2019-03-02T04:48:51","Situation":"unknown","Type":"ask","Price":3826.83000000,"Amount":16.00000000,"Done":false},{"Time":"2019-03-02T04:53:51","Situation":"unknown","Type":"ask","Price":3815.67000000,"Amount":27.50392600,"Done":false},{"Time":"2019-03-02T04:53:51","Situation":"unknown","Type":"ask","Price":3826.83000000,"Amount":16.00000000,"Done":false},{"Time":"2019-03-02T04:58:52","Situation":"unknown","Type":"ask","Price":3815.67000000,"Amount":27.50392600,"Done":false},{"Time":"2019-03-02T04:58:52","Situation":"unknown","Type":"ask","Price":3826.83000000,"Amount":16.00000000,"Done":false},{"Time":"2019-03-02T05:03:54","Situation":"unknown","Type":"ask","Price":3814.15000000,"Amount":18.10000000,"Done":false},{"Time":"2019-03-02T05:03:54","Situation":"unknown","Type":"ask","Price":3815.67000000,"Amount":27.50392600,"Done":false},{"Time":"2019-03-02T05:03:54","Situation":"unknown","Type":"ask","Price":3826.83000000,"Amount":16.00000000,"Done":false},{"Time":"2019-03-02T05:08:57","Situation":"unknown","Type":"ask","Price":3815.67000000,"Amount":17.19743800,"Done":false},{"Time":"2019-03-02T05:08:57","Situation":"unknown","Type":"ask","Price":3826.83000000,"Amount":16.00000000,"Done":false},{"Time":"2019-03-02T05:14:01","Situation":"unknown","Type":"ask","Price":3821.14000000,"Amount":18.50000000,"Done":false},{"Time":"2019-03-02T05:14:01","Situation":"unknown","Type":"ask","Price":3826.83000000,"Amount":16.00000000,"Done":false},{"Time":"2019-03-02T05:19:02","Situation":"unknown","Type":"ask","Price":3823.65000000,"Amount":18.50000000,"Done":false},{"Time":"2019-03-02T05:49:15","Situation":"unknown","Type":"ask","Price":3816.57000000,"Amount":18.20000000,"Done":false},{"Time":"2019-03-02T05:54:15","Situation":"unknown","Type":"ask","Price":3828.00000000,"Amount":16.01269700,"Done":false},{"Time":"2019-03-02T05:59:19","Situation":"unknown","Type":"ask","Price":3828.00000000,"Amount":16.01269700,"Done":false},{"Time":"2019-03-02T06:04:21","Situation":"unknown","Type":"ask","Price":3820.00000000,"Amount":10.35350600,"Done":false},{"Time":"2019-03-02T06:04:21","Situation":"unknown","Type":"ask","Price":3828.00000000,"Amount":16.01269700,"Done":false},{"Time":"2019-03-02T06:09:22","Situation":"unknown","Type":"ask","Price":3820.00000000,"Amount":10.53743700,"Done":false},{"Time":"2019-03-02T06:09:22","Situation":"unknown","Type":"ask","Price":3828.00000000,"Amount":16.01269700,"Done":false},{"Time":"2019-03-02T06:14:22","Situation":"unknown","Type":"ask","Price":3828.00000000,"Amount":16.01269700,"Done":false},{"Time":"2019-03-02T06:19:25","Situation":"unknown","Type":"ask","Price":3828.00000000,"Amount":16.01269700,"Done":false},{"Time":"2019-03-02T06:24:28","Situation":"unknown","Type":"ask","Price":3828.00000000,"Amount":16.01269700,"Done":false},{"Time":"2019-03-02T06:29:29","Situation":"unknown","Type":"ask","Price":3828.00000000,"Amount":16.01269700,"Done":false},{"Time":"2019-03-02T06:34:30","Situation":"unknown","Type":"ask","Price":3828.00000000,"Amount":16.01269700,"Done":false},{"Time":"2019-03-02T06:39:33","Situation":"unknown","Type":"ask","Price":3817.78000000,"Amount":10.00000000,"Done":false},{"Time":"2019-03-02T06:39:33","Situation":"unknown","Type":"ask","Price":3828.00000000,"Amount":16.01269700,"Done":false},{"Time":"2019-03-02T06:44:36","Situation":"unknown","Type":"ask","Price":3828.00000000,"Amount":16.01269700,"Done":false},{"Time":"2019-03-02T06:49:39","Situation":"unknown","Type":"ask","Price":3828.00000000,"Amount":16.01269700,"Done":false},{"Time":"2019-03-02T06:54:40","Situation":"unknown","Type":"ask","Price":3828.00000000,"Amount":16.01269700,"Done":false},{"Time":"2019-03-02T06:59:44","Situation":"unknown","Type":"ask","Price":3828.00000000,"Amount":16.01269700,"Done":false},{"Time":"2019-03-02T07:19:54","Situation":"unknown","Type":"ask","Price":3832.87000000,"Amount":16.00000000,"Done":false},{"Time":"2019-03-02T07:24:58","Situation":"unknown","Type":"ask","Price":3812.91000000,"Amount":18.50000000,"Done":false},{"Time":"2019-03-02T07:24:58","Situation":"unknown","Type":"ask","Price":3812.94000000,"Amount":11.59039800,"Done":false},{"Time":"2019-03-02T07:45:07","Situation":"unknown","Type":"ask","Price":3832.87000000,"Amount":16.00000000,"Done":false},{"Time":"2019-03-02T07:50:11","Situation":"unknown","Type":"ask","Price":3811.47000000,"Amount":15.00000000,"Done":false},{"Time":"2019-03-02T07:50:11","Situation":"unknown","Type":"ask","Price":3812.68000000,"Amount":19.50000000,"Done":false},{"Time":"2019-03-02T08:00:17","Situation":"unknown","Type":"ask","Price":3802.03000000,"Amount":20.40873300,"Done":false},{"Time":"2019-03-02T08:00:17","Situation":"unknown","Type":"ask","Price":3802.59000000,"Amount":20.30000000,"Done":false},{"Time":"2019-03-02T08:05:21","Situation":"unknown","Type":"ask","Price":3793.05000000,"Amount":16.30000000,"Done":false},{"Time":"2019-03-02T08:05:21","Situation":"unknown","Type":"ask","Price":3797.61000000,"Amount":19.20000000,"Done":false},{"Time":"2019-03-02T08:05:21","Situation":"unknown","Type":"ask","Price":3802.11000000,"Amount":14.93491700,"Done":false},{"Time":"2019-03-02T08:05:21","Situation":"unknown","Type":"ask","Price":3821.38000000,"Amount":16.00000000,"Done":false},{"Time":"2019-03-02T08:05:45","Situation":"unknown","Type":"ask","Price":3784.61000000,"Amount":19.30000000,"Done":false},{"Time":"2019-03-02T08:05:45","Situation":"unknown","Type":"ask","Price":3789.39000000,"Amount":19.30000000,"Done":false},{"Time":"2019-03-02T08:06:55","Situation":"unknown","Type":"ask","Price":3822.51000000,"Amount":16.00000000,"Done":false},{"Time":"2019-03-02T08:11:59","Situation":"unknown","Type":"ask","Price":3798.18000000,"Amount":11.30000000,"Done":false},{"Time":"2019-03-02T08:37:13","Situation":"unknown","Type":"ask","Price":3799.00000000,"Amount":11.73645600,"Done":false},{"Time":"2019-03-02T08:37:13","Situation":"unknown","Type":"ask","Price":3812.45000000,"Amount":16.00000000,"Done":false},{"Time":"2019-03-02T08:41:27","Situation":"unknown","Type":"ask","Price":3821.63000000,"Amount":11.10000000,"Done":false},{"Time":"2019-03-02T08:41:27","Situation":"unknown","Type":"ask","Price":3825.97000000,"Amount":16.00000000,"Done":false},{"Time":"2019-03-02T08:46:28","Situation":"unknown","Type":"ask","Price":3804.80000000,"Amount":20.20000000,"Done":false},{"Time":"2019-03-02T08:46:28","Situation":"unknown","Type":"ask","Price":3806.04000000,"Amount":10.30000000,"Done":false},{"Time":"2019-03-02T09:01:33","Situation":"unknown","Type":"ask","Price":3825.97000000,"Amount":16.00000000,"Done":false},{"Time":"2019-03-02T09:06:33","Situation":"unknown","Type":"ask","Price":3825.97000000,"Amount":16.00000000,"Done":false},{"Time":"2019-03-02T09:11:36","Situation":"unknown","Type":"ask","Price":3825.97000000,"Amount":16.00000000,"Done":false},{"Time":"2019-03-02T09:16:40","Situation":"unknown","Type":"ask","Price":3825.97000000,"Amount":16.00000000,"Done":false},{"Time":"2019-03-02T09:21:42","Situation":"unknown","Type":"ask","Price":3825.97000000,"Amount":16.00000000,"Done":false},{"Time":"2019-03-02T09:26:46","Situation":"unknown","Type":"ask","Price":3825.97000000,"Amount":16.00000000,"Done":false},{"Time":"2019-03-02T09:31:46","Situation":"unknown","Type":"ask","Price":3825.97000000,"Amount":16.00000000,"Done":false},{"Time":"2019-03-02T09:36:46","Situation":"unknown","Type":"ask","Price":3825.97000000,"Amount":16.00000000,"Done":false},{"Time":"2019-03-02T09:41:48","Situation":"unknown","Type":"ask","Price":3823.60000000,"Amount":10.31000000,"Done":false},{"Time":"2019-03-02T09:41:48","Situation":"unknown","Type":"ask","Price":3825.97000000,"Amount":16.00000000,"Done":false},{"Time":"2019-03-02T09:56:53","Situation":"unknown","Type":"ask","Price":3804.99000000,"Amount":12.60000000,"Done":false},{"Time":"2019-03-02T10:06:57","Situation":"unknown","Type":"ask","Price":3817.00000000,"Amount":10.08954400,"Done":false},{"Time":"2019-03-02T10:11:59","Situation":"unknown","Type":"ask","Price":3817.00000000,"Amount":10.08954400,"Done":false},{"Time":"2019-03-02T10:17:01","Situation":"unknown","Type":"ask","Price":3817.00000000,"Amount":10.95954400,"Done":false},{"Time":"2019-03-02T10:17:01","Situation":"unknown","Type":"ask","Price":3825.97000000,"Amount":16.00000000,"Done":false},{"Time":"2019-03-02T10:22:05","Situation":"unknown","Type":"ask","Price":3817.00000000,"Amount":10.08954400,"Done":false},{"Time":"2019-03-02T10:27:06","Situation":"unknown","Type":"ask","Price":3817.00000000,"Amount":10.08954400,"Done":false},{"Time":"2019-03-02T10:32:08","Situation":"unknown","Type":"ask","Price":3807.29000000,"Amount":28.06882200,"Done":false},{"Time":"2019-03-02T10:32:08","Situation":"unknown","Type":"ask","Price":3817.00000000,"Amount":10.08954400,"Done":false},{"Time":"2019-03-02T10:37:09","Situation":"unknown","Type":"ask","Price":3804.04000000,"Amount":15.71689600,"Done":false},{"Time":"2019-03-02T10:37:09","Situation":"unknown","Type":"ask","Price":3817.00000000,"Amount":10.08954400,"Done":false},{"Time":"2019-03-02T10:42:11","Situation":"unknown","Type":"ask","Price":3817.00000000,"Amount":10.08954400,"Done":false},{"Time":"2019-03-02T10:42:11","Situation":"unknown","Type":"ask","Price":3820.00000000,"Amount":17.30796000,"Done":false},{"Time":"2019-03-02T10:47:11","Situation":"unknown","Type":"ask","Price":3808.23000000,"Amount":28.28246700,"Done":false},{"Time":"2019-03-02T10:47:11","Situation":"unknown","Type":"ask","Price":3808.25000000,"Amount":34.76736100,"Done":false},{"Time":"2019-03-02T10:47:11","Situation":"unknown","Type":"ask","Price":3817.00000000,"Amount":10.08954400,"Done":false},{"Time":"2019-03-02T10:47:11","Situation":"unknown","Type":"ask","Price":3820.00000000,"Amount":17.31944500,"Done":false},{"Time":"2019-03-02T10:52:15","Situation":"unknown","Type":"ask","Price":3817.00000000,"Amount":10.08954400,"Done":false},{"Time":"2019-03-02T10:52:15","Situation":"unknown","Type":"ask","Price":3820.00000000,"Amount":19.30286200,"Done":false}