{"OrderBookAsks":[{"Time":"2019-04-01T06:04:06","Situation":"trend","Type":"ask","Price":0.31500000,"Amount":376472.50000000,"Done":false},{"Time":"2019-04-01T06:09:07","Situation":"flat","Type":"ask","Price":0.31500000,"Amount":358498.60000000,"Done":false},{"Time":"2019-04-01T06:14:10","Situation":"flat","Type":"ask","Price":0.31500000,"Amount":361186.00000000,"Done":false},{"Time":"2019-04-01T06:19:12","Situation":"flat","Type":"ask","Price":0.31500000,"Amount":371086.00000000,"Done":false},{"Time":"2019-04-01T06:20:35","Situation":"trend","Type":"ask","Price":0.31500000,"Amount":363607.70000000,"Done":false},{"Time":"2019-04-01T06:25:36","Situation":"flat","Type":"ask","Price":0.31500000,"Amount":351473.90000000,"Done":false},{"Time":"2019-04-01T06:30:36","Situation":"flat","Type":"ask","Price":0.31500000,"Amount":325929.10000000,"Done":false},{"Time":"2019-04-01T06:35:36","Situation":"flat","Type":"ask","Price":0.31500000,"Amount":325929.10000000,"Done":false},{"Time":"2019-04-01T06:40:40","Situation":"flat","Type":"ask","Price":0.31500000,"Amount":324229.90000000,"Done":false},{"Time":"2019-04-01T06:45:42","Situation":"flat","Type":"ask","Price":0.31500000,"Amount":324229.90000000,"Done":false},{"Time":"2019-04-01T06:50:45","Situation":"flat","Type":"ask","Price":0.31500000,"Amount":327694.90000000,"Done":false},{"Time":"2019-04-01T06:55:46","Situation":"flat","Type":"ask","Price":0.31500000,"Amount":326059.60000000,"Done":false},{"Time":"2019-04-01T07:00:48","Situation":"flat","Type":"ask","Price":0.31500000,"Amount":360839.10000000,"Done":false},{"Time":"2019-04-01T07:05:50","Situation":"flat","Type":"ask","Price":0.31500000,"Amount":350829.20000000,"Done":false},{"Time":"2019-04-01T07:10:52","Situation":"flat","Type":"ask","Price":0.31500000,"Amount":350829.20000000,"Done":false},{"Time":"2019-04-01T07:15:55","Situation":"flat","Type":"ask","Price":0.31500000,"Amount":350829.20000000,"Done":false},{"Time":"2019-04-01T07:20:58","Situation":"flat","Type":"ask","Price":0.31500000,"Amount":350829.20000000,"Done":false},{"Time":"2019-04-01T07:26:00","Situation":"flat","Type":"ask","Price":0.31500000,"Amount":350829.20000000,"Done":false},{"Time":"2019-04-01T07:31:07","Situation":"flat","Type":"ask","Price":0.31500000,"Amount":350864.10000000,"Done":false},{"Time":"2019-04-01T07:36:10","Situation":"flat","Type":"ask","Price":0.31500000,"Amount":351573.60000000,"Done":false},{"Time":"2019-04-01T07:41:10","Situation":"flat","Type":"ask","Price":0.31500000,"Amount":351573.60000000,"Done":false},{"Time":"2019-04-01T07:46:11","Situation":"flat","Type":"ask","Price":0.31500000,"Amount":349528.50000000,"Done":false},{"Time":"2019-04-01T07:51:12","Situation":"flat","Type":"ask","Price":0.31500000,"Amount":349528.50000000,"Done":false},{"Time":"2019-04-01T08:01:16","Situation":"flat","Type":"ask","Price":0.31500000,"Amount":349673.00000000,"Done":false},{"Time":"2019-04-01T08:06:16","Situation":"flat","Type":"ask","Price":0.31500000,"Amount":349673.00000000,"Done":false},{"Time":"2019-04-01T08:21:26","Situation":"flat","Type":"ask","Price":0.31500000,"Amount":349673.00000000,"Done":false},{"Time":"2019-04-01T08:26:29","Situation":"flat","Type":"ask","Price":0.31500000,"Amount":349673.00000000,"Done":false},{"Time":"2019-04-01T08:56:36","Situation":"flat","Type":"ask","Price":0.31500000,"Amount":352077.10000000,"Done":false},{"Time":"2019-04-01T09:06:36","Situation":"flat","Type":"ask","Price":0.31500000,"Amount":352077.10000000,"Done":false},{"Time":"2019-04-01T09:41:51","Situation":"flat","Type":"ask","Price":0.31500000,"Amount":350962.90000000,"Done":false},{"Time":"2019-04-01T11:32:33","Situation":"flat","Type":"ask","Price":0.31500000,"Amount":367967.60000000,"Done":false}],"OrderBookBids":[{"Time":"2019-04-01T00:24:56","Situation":"trend","Type":"bid","Price":0.30600000,"Amount":346701.40000000,"Done":false},{"Time":"2019-04-01T00:29:56","Situation":"flat","Type":"bid","Price":0.30600000,"Amount":365509.80000000,"Done":false},{"Time":"2019-04-01T00:32:32","Situation":"trend","Type":"bid","Price":0.30600000,"Amount":371976.30000000,"Done":false}],"TradeHistory":[{"Time":"2019-04-01T00:24:56","Situation":"trend","Id":"16443178","Type":"market","Side":"sell","OrderTime":"2019-04-01T00:24:50","Price":0.30811000,"Amount":69555.80000000},{"Time":"2019-04-01T00:24:56","Situation":"trend","Id":"16443186","Type":"market","Side":"sell","OrderTime":"2019-04-01T00:24:50","Price":0.30800000,"Amount":34776.00000000},{"Time":"2019-04-01T00:24:56","Situation":"trend","Id":"16443228","Type":"market","Side":"sell","OrderTime":"2019-04-01T00:24:55","Price":0.30790000,"Amount":30397.20000000},{"Time":"2019-04-01T00:29:56","Situation":"flat","Id":"16443259","Type":"market","Side":"sell","OrderTime":"2019-04-01T00:24:57","Price":0.30775000,"Amount":77490.40000000},{"Time":"2019-04-01T00:29:56","Situation":"flat","Id":"16443301","Type":"market","Side":"sell","OrderTime":"2019-04-01T00:25:03","Price":0.30768000,"Amount":23474.20000000},{"Time":"2019-04-01T00:29:56","Situation":"flat","Id":"16443388","Type":"market","Side":"sell","OrderTime":"2019-04-01T00:25:23","Price":0.30755000,"Amount":20510.70000000},{"Time":"2019-04-01T00:29:56","Situation":"flat","Id":"16443396","Type":"market","Side":"sell","OrderTime":"2019-04-01T00:25:24","Price":0.30750000,"Amount":33337.00000000},{"Time":"2019-04-01T00:29:56","Situation":"flat","Id":"16443442","Type":"market","Side":"buy","OrderTime":"2019-04-01T00:25:42","Price":0.30758000,"Amount":26834.30000000},{"Time":"2019-04-01T00:42:36","Situation":"flat","Id":"16444427","Type":"market","Side":"sell","OrderTime":"2019-04-01T00:42:07","Price":0.30956000,"Amount":20727.60000000},{"Time":"2019-04-01T00:47:37","Situation":"flat","Id":"16444478","Type":"market","Side":"buy","OrderTime":"2019-04-01T00:42:40","Price":0.31000000,"Amount":21051.60000000},{"Time":"2019-04-01T00:47:37","Situation":"flat","Id":"16444542","Type":"market","Side":"sell","OrderTime":"2019-04-01T00:43:19","Price":0.31030000,"Amount":22603.20000000},{"Time":"2019-04-01T00:47:37","Situation":"flat","Id":"16444686","Type":"market","Side":"buy","OrderTime":"2019-04-01T00:45:39","Price":0.31009000,"Amount":40480.00000000},{"Time":"2019-04-01T00:47:37","Situation":"flat","Id":"16444694","Type":"market","Side":"sell","OrderTime":"2019-04-01T00:45:41","Price":0.31011000,"Amount":20782.00000000},{"Time":"2019-04-01T00:47:37","Situation":"flat","Id":"16444731","Type":"market","Side":"sell","OrderTime":"2019-04-01T00:46:30","Price":0.31020000,"Amount":20461.30000000},{"Time":"2019-04-01T01:27:56","Situation":"flat","Id":"16446135","Type":"market","Side":"buy","OrderTime":"2019-04-01T01:24:32","Price":0.30955000,"Amount":32910.40000000},{"Time":"2019-04-01T02:28:26","Situation":"flat","Id":"16447626","Type":"market","Side":"sell","OrderTime":"2019-04-01T02:27:55","Price":0.31000000,"Amount":43518.70000000},{"Time":"2019-04-01T03:03:36","Situation":"flat","Id":"16448272","Type":"market","Side":"buy","OrderTime":"2019-04-01T03:00:20","Price":0.31011000,"Amount":30488.10000000},{"Time":"2019-04-01T03:43:57","Situation":"flat","Id":"16449223","Type":"market","Side":"buy","OrderTime":"2019-04-01T03:40:13","Price":0.31000000,"Amount":32579.50000000},{"Time":"2019-04-01T03:48:58","Situation":"flat","Id":"16449393","Type":"market","Side":"sell","OrderTime":"2019-04-01T03:44:08","Price":0.31080000,"Amount":31424.50000000},{"Time":"2019-04-01T03:59:06","Situation":"flat","Id":"16449810","Type":"market","Side":"buy","OrderTime":"2019-04-01T03:56:02","Price":0.31030000,"Amount":20488.40000000},{"Time":"2019-04-01T04:24:15","Situation":"flat","Id":"16450377","Type":"market","Side":"buy","OrderTime":"2019-04-01T04:19:57","Price":0.31059000,"Amount":24095.20000000},{"Time":"2019-04-01T05:04:32","Situation":"flat","Id":"16451236","Type":"market","Side":"buy","OrderTime":"2019-04-01T05:00:54","Price":0.31039000,"Amount":20000.10000000},{"Time":"2019-04-01T05:14:36","Situation":"flat","Id":"16451588","Type":"market","Side":"buy","OrderTime":"2019-04-01T05:13:57","Price":0.31040000,"Amount":29072.90000000},{"Time":"2019-04-01T05:39:49","Situation":"flat","Id":"16452220","Type":"market","Side":"buy","OrderTime":"2019-04-01T05:37:28","Price":0.31100000,"Amount":39593.20000000},{"Time":"2019-04-01T05:39:49","Situation":"flat","Id":"16452273","Type":"market","Side":"buy","OrderTime":"2019-04-01T05:39:14","Price":0.31100000,"Amount":32812.70000000},{"Time":"2019-04-01T06:04:06","Situation":"trend","Id":"16453337","Type":"market","Side":"buy","OrderTime":"2019-04-01T06:03:51","Price":0.31300000,"Amount":123156.50000000},{"Time":"2019-04-01T06:09:07","Situation":"flat","Id":"16453656","Type":"market","Side":"buy","OrderTime":"2019-04-01T06:05:07","Price":0.31400000,"Amount":20602.70000000},{"Time":"2019-04-01T06:09:07","Situation":"flat","Id":"16453694","Type":"market","Side":"buy","OrderTime":"2019-04-01T06:05:18","Price":0.31408000,"Amount":20478.70000000},{"Time":"2019-04-01T06:14:10","Situation":"flat","Id":"16454151","Type":"market","Side":"buy","OrderTime":"2019-04-01T06:10:22","Price":0.31330000,"Amount":42889.30000000},{"Time":"2019-04-01T06:25:36","Situation":"flat","Id":"16454905","Type":"market","Side":"buy","OrderTime":"2019-04-01T06:22:15","Price":0.31392000,"Amount":20000.00000000},{"Time":"2019-04-01T06:25:36","Situation":"flat","Id":"16454917","Type":"market","Side":"buy","OrderTime":"2019-04-01T06:22:23","Price":0.31380000,"Amount":26882.80000000},{"Time":"2019-04-01T06:25:36","Situation":"flat","Id":"16455012","Type":"market","Side":"sell","OrderTime":"2019-04-01T06:24:16","Price":0.31407000,"Amount":35412.10000000},{"Time":"2019-04-01T06:25:36","Situation":"flat","Id":"16455041","Type":"market","Side":"sell","OrderTime":"2019-04-01T06:25:08","Price":0.31407000,"Amount":20631.40000000},{"Time":"2019-04-01T07:20:58","Situation":"flat","Id":"16456739","Type":"market","Side":"sell","OrderTime":"2019-04-01T07:17:36","Price":0.31278000,"Amount":30230.60000000},{"Time":"2019-04-01T07:31:07","Situation":"flat","Id":"16457082","Type":"market","Side":"sell","OrderTime":"2019-04-01T07:26:07","Price":0.31211000,"Amount":24997.80000000},{"Time":"2019-04-01T07:31:07","Situation":"flat","Id":"16457137","Type":"market","Side":"sell","OrderTime":"2019-04-01T07:27:26","Price":0.31222000,"Amount":29390.50000000},{"Time":"2019-04-01T08:46:35","Situation":"flat","Id":"16459254","Type":"market","Side":"buy","OrderTime":"2019-04-01T08:42:30","Price":0.31110000,"Amount":34884.20000000},{"Time":"2019-04-01T08:46:35","Situation":"flat","Id":"16459258","Type":"market","Side":"buy","OrderTime":"2019-04-01T08:42:36","Price":0.31110000,"Amount":22743.80000000},{"Time":"2019-04-01T08:56:36","Situation":"flat","Id":"16459481","Type":"market","Side":"buy","OrderTime":"2019-04-01T08:54:32","Price":0.31140000,"Amount":75252.00000000},{"Time":"2019-04-01T08:56:36","Situation":"flat","Id":"16459482","Type":"market","Side":"buy","OrderTime":"2019-04-01T08:54:32","Price":0.31140000,"Amount":37199.30000000},{"Time":"2019-04-01T09:11:37","Situation":"flat","Id":"16459795","Type":"market","Side":"sell","OrderTime":"2019-04-01T09:10:07","Price":0.31167000,"Amount":33476.20000000},{"Time":"2019-04-01T09:21:41","Situation":"flat","Id":"16460073","Type":"market","Side":"buy","OrderTime":"2019-04-01T09:21:38","Price":0.31170000,"Amount":20560.70000000},{"Time":"2019-04-01T10:57:22","Situation":"flat","Id":"16462136","Type":"market","Side":"sell","OrderTime":"2019-04-01T10:53:24","Price":0.31130000,"Amount":26889.00000000},{"Time":"2019-04-01T11:07:27","Situation":"flat","Id":"16462401","Type":"market","Side":"sell","OrderTime":"2019-04-01T11:05:23","Price":0.31155000,"Amount":39279.70000000},{"Time":"2019-04-01T11:12:27","Situation":"flat","Id":"16462488","Type":"market","Side":"buy","OrderTime":"2019-04-01T11:07:31","Price":0.31129000,"Amount":23113.90000000},{"Time":"2019-04-01T11:32:33","Situation":"flat","Id":"16463331","Type":"market","Side":"buy","OrderTime":"2019-04-01T11:29:16","Price":0.31220000,"Amount":43963.40000000}],"TradeDelta":[{"TimeFrom":"2019-04-01T00:01:42","TimeTo":"2019-04-01T00:06:45","Situation":"flat","Value":0.00000000},{"TimeFrom":"2019-04-01T00:06:45","TimeTo":"2019-04-01T00:11:47","Situation":"flat","Value":0.00000000},{"TimeFrom":"2019-04-01T00:11:47","TimeTo":"2019-04-01T00:16:48","Situation":"flat","Value":0.00000000},{"TimeFrom":"2019-04-01T00:16:48","TimeTo":"2019-04-01T00:21:50","Situation":"flat","Value":0.00000000},{"TimeFrom":"2019-04-01T00:21:50","TimeTo":"2019-04-01T00:24:56","Situation":"trend","Value":-134729.00000000},{"TimeFrom":"2019-04-01T00:24:56","TimeTo":"2019-04-01T00:29:56","Situation":"flat","Value":-127978.00000000},{"TimeFrom":"2019-04-01T00:29:56","TimeTo":"2019-04-01T00:32:32","Situation":"trend","Value":0.00000000},{"TimeFrom":"2019-04-01T00:32:32","TimeTo":"2019-04-01T00:37:35","Situation":"flat","Value":0.00000000},{"TimeFrom":"2019-04-01T00:37:35","TimeTo":"2019-04-01T00:42:36","Situation":"flat","Value":-20727.60000000},{"TimeFrom":"2019-04-01T00:42:36","TimeTo":"2019-04-01T00:47:37","Situation":"flat","Value":-2314.90000000},{"TimeFrom":"2019-04-01T00:47:37","TimeTo":"2019-04-01T00:52:40","Situation":"flat","Value":0.00000000},{"TimeFrom":"2019-04-01T00:52:40","TimeTo":"2019-04-01T00:57:42","Situation":"flat","Value":0.00000000},{"TimeFrom":"2019-04-01T00:57:42","TimeTo":"2019-04-01T01:02:46","Situation":"flat","Value":0.00000000},{"TimeFrom":"2019-04-01T01:02:46","TimeTo":"2019-04-01T01:07:47","Situation":"flat","Value":0.00000000},{"TimeFrom":"2019-04-01T01:07:47","TimeTo":"2019-04-01T01:12:50","Situation":"flat","Value":0.00000000},{"TimeFrom":"2019-04-01T01:12:50","TimeTo":"2019-04-01T01:17:52","Situation":"flat","Value":0.00000000},{"TimeFrom":"2019-04-01T01:17:52","TimeTo":"2019-04-01T01:22:56","Situation":"flat","Value":0.00000000},{"TimeFrom":"2019-04-01T01:22:56","TimeTo":"2019-04-01T01:27:56","Situation":"flat","Value":32910.40000000},{"TimeFrom":"2019-04-01T01:27:56","TimeTo":"2019-04-01T01:33:00","Situation":"flat","Value":0.00000000},{"TimeFrom":"2019-04-01T01:33:00","TimeTo":"2019-04-01T01:38:01","Situation":"flat","Value":0.00000000},{"TimeFrom":"2019-04-01T01:38:01","TimeTo":"2019-04-01T01:43:08","Situation":"flat","Value":0.00000000},{"TimeFrom":"2019-04-01T01:43:08","TimeTo":"2019-04-01T01:48:10","Situation":"flat","Value":0.00000000},{"TimeFrom":"2019-04-01T01:48:10","TimeTo":"2019-04-01T01:53:11","Situation":"flat","Value":0.00000000},{"TimeFrom":"2019-04-01T01:53:11","TimeTo":"2019-04-01T01:58:12","Situation":"flat","Value":0.00000000},{"TimeFrom":"2019-04-01T01:58:12","TimeTo":"2019-04-01T02:03:16","Situation":"flat","Value":0.00000000},{"TimeFrom":"2019-04-01T02:03:16","TimeTo":"2019-04-01T02:08:17","Situation":"flat","Value":0.00000000},{"TimeFrom":"2019-04-01T02:08:17","TimeTo":"2019-04-01T02:13:21","Situation":"flat","Value":0.00000000},{"TimeFrom":"2019-04-01T02:13:21","TimeTo":"2019-04-01T02:18:21","Situation":"flat","Value":0.00000000},{"TimeFrom":"2019-04-01T02:18:21","TimeTo":"2019-04-01T02:23:22","Situation":"flat","Value":0.00000000},{"TimeFrom":"2019-04-01T02:23:22","TimeTo":"2019-04-01T02:28:26","Situation":"flat","Value":-43518.70000000},{"TimeFrom":"2019-04-01T02:28:26","TimeTo":"2019-04-01T02:33:26","Situation":"flat","Value":0.00000000},{"TimeFrom":"2019-04-01T02:33:26","TimeTo":"2019-04-01T02:38:27","Situation":"flat","Value":0.00000000},{"TimeFrom":"2019-04-01T02:38:27","TimeTo":"2019-04-01T02:43:31","Situation":"flat","Value":0.00000000},{"TimeFrom":"2019-04-01T02:43:31","TimeTo":"2019-04-01T02:48:31","Situation":"flat","Value":0.00000000},{"TimeFrom":"2019-04-01T02:48:31","TimeTo":"2019-04-01T02:53:32","Situation":"flat","Value":0.00000000},{"TimeFrom":"2019-04-01T02:53:32","TimeTo":"2019-04-01T02:58:34","Situation":"flat","Value":0.00000000},{"TimeFrom":"2019-04-01T02:58:34","TimeTo":"2019-04-01T03:03:36","Situation":"flat","Value":30488.10000000},{"TimeFrom":"2019-04-01T03:03:36","TimeTo":"2019-04-01T03:08:37","Situation":"flat","Value":0.00000000},{"TimeFrom":"2019-04-01T03:08:37","TimeTo":"2019-04-01T03:13:41","Situation":"flat","Value":0.00000000},{"TimeFrom":"2019-04-01T03:13:41","TimeTo":"2019-04-01T03:18:45","Situation":"flat","Value":0.00000000},{"TimeFrom":"2019-04-01T03:18:45","TimeTo":"2019-04-01T03:23:47","Situation":"flat","Value":0.00000000},{"TimeFrom":"2019-04-01T03:23:47","TimeTo":"2019-04-01T03:28:50","Situation":"flat","Value":0.00000000},{"TimeFrom":"2019-04-01T03:28:50","TimeTo":"2019-04-01T03:33:52","Situation":"flat","Value":0.00000000},{"TimeFrom":"2019-04-01T03:33:52","TimeTo":"2019-04-01T03:38:56","Situation":"flat","Value":0.00000000},{"TimeFrom":"2019-04-01T03:38:56","TimeTo":"2019-04-01T03:43:57","Situation":"flat","Value":32579.50000000},{"TimeFrom":"2019-04-01T03:43:57","TimeTo":"2019-04-01T03:48:58","Situation":"flat","Value":-31424.50000000},{"TimeFrom":"2019-04-01T03:48:58","TimeTo":"2019-04-01T03:54:00","Situation":"flat","Value":0.00000000},{"TimeFrom":"2019-04-01T03:54:00","TimeTo":"2019-04-01T03:59:06","Situation":"flat","Value":20488.40000000},{"TimeFrom":"2019-04-01T03:59:06","TimeTo":"2019-04-01T04:04:08","Situation":"flat","Value":0.00000000},{"TimeFrom":"2019-04-01T04:04:08","TimeTo":"2019-04-01T04:09:11","Situation":"flat","Value":0.00000000},{"TimeFrom":"2019-04-01T04:09:11","TimeTo":"2019-04-01T04:14:15","Situation":"flat","Value":0.00000000},{"TimeFrom":"2019-04-01T04:14:15","TimeTo":"2019-04-01T04:19:15","Situation":"flat","Value":0.00000000},{"TimeFrom":"2019-04-01T04:19:15","TimeTo":"2019-04-01T04:24:15","Situation":"flat","Value":24095.20000000},{"TimeFrom":"2019-04-01T04:24:15","TimeTo":"2019-04-01T04:29:17","Situation":"flat","Value":0.00000000},{"TimeFrom":"2019-04-01T04:29:17","TimeTo":"2019-04-01T04:34:21","Situation":"flat","Value":0.00000000},{"TimeFrom":"2019-04-01T04:34:21","TimeTo":"2019-04-01T04:39:25","Situation":"flat","Value":0.00000000},{"TimeFrom":"2019-04-01T04:39:25","TimeTo":"2019-04-01T04:44:27","Situation":"flat","Value":0.00000000},{"TimeFrom":"2019-04-01T04:44:27","TimeTo":"2019-04-01T04:49:28","Situation":"flat","Value":0.00000000},{"TimeFrom":"2019-04-01T04:49:28","TimeTo":"2019-04-01T04:54:31","Situation":"flat","Value":0.00000000},{"TimeFrom":"2019-04-01T04:54:31","TimeTo":"2019-04-01T04:59:31","Situation":"flat","Value":0.00000000},{"TimeFrom":"2019-04-01T04:59:31","TimeTo":"2019-04-01T05:04:32","Situation":"flat","Value":20000.10000000},{"TimeFrom":"2019-04-01T05:04:32","TimeTo":"2019-04-01T05:09:36","Situation":"flat","Value":0.00000000},{"TimeFrom":"2019-04-01T05:09:36","TimeTo":"2019-04-01T05:14:36","Situation":"flat","Value":29072.90000000},{"TimeFrom":"2019-04-01T05:14:36","TimeTo":"2019-04-01T05:19:40","Situation":"flat","Value":0.00000000},{"TimeFrom":"2019-04-01T05:19:40","TimeTo":"2019-04-01T05:24:42","Situation":"flat","Value":0.00000000},{"TimeFrom":"2019-04-01T05:24:42","TimeTo":"2019-04-01T05:29:42","Situation":"flat","Value":0.00000000},{"TimeFrom":"2019-04-01T05:29:42","TimeTo":"2019-04-01T05:34:46","Situation":"flat","Value":0.00000000},{"TimeFrom":"2019-04-01T05:34:46","TimeTo":"2019-04-01T05:39:49","Situation":"flat","Value":72405.90000000},{"TimeFrom":"2019-04-01T05:39:49","TimeTo":"2019-04-01T05:44:51","Situation":"flat","Value":0.00000000},{"TimeFrom":"2019-04-01T05:44:51","TimeTo":"2019-04-01T05:49:55","Situation":"flat","Value":0.00000000},{"TimeFrom":"2019-04-01T05:49:55","TimeTo":"2019-04-01T05:54:56","Situation":"flat","Value":0.00000000},{"TimeFrom":"2019-04-01T05:54:56","TimeTo":"2019-04-01T05:59:57","Situation":"flat","Value":0.00000000},{"TimeFrom":"2019-04-01T05:59:57","TimeTo":"2019-04-01T06:04:06","Situation":"trend","Value":123156.50000000},{"TimeFrom":"2019-04-01T06:04:06","TimeTo":"2019-04-01T06:09:07","Situation":"flat","Value":41081.40000000},{"TimeFrom":"2019-04-01T06:09:07","TimeTo":"2019-04-01T06:14:10","Situation":"flat","Value":42889.30000000},{"TimeFrom":"2019-04-01T06:14:10","TimeTo":"2019-04-01T06:19:12","Situation":"flat","Value":0.00000000},{"TimeFrom":"2019-04-01T06:19:12","TimeTo":"2019-04-01T06:20:35","Situation":"trend","Value":0.00000000},{"TimeFrom":"2019-04-01T06:20:35","TimeTo":"2019-04-01T06:25:36","Situation":"flat","Value":-9160.70000000},{"TimeFrom":"2019-04-01T06:25:36","TimeTo":"2019-04-01T06:30:36","Situation":"flat","Value":0.00000000},{"TimeFrom":"2019-04-01T06:30:36","TimeTo":"2019-04-01T06:35:36","Situation":"flat","Value":0.00000000},{"TimeFrom":"2019-04-01T06:35:36","TimeTo":"2019-04-01T06:40:40","Situation":"flat","Value":0.00000000},{"TimeFrom":"2019-04-01T06:40:40","TimeTo":"2019-04-01T06:45:42","Situation":"flat","Value":0.00000000},{"TimeFrom":"2019-04-01T06:45:42","TimeTo":"2019-04-01T06:50:45","Situation":"flat","Value":0.00000000},{"TimeFrom":"2019-04-01T06:50:45","TimeTo":"2019-04-01T06:55:46","Situation":"flat","Value":0.00000000},{"TimeFrom":"2019-04-01T06:55:46","TimeTo":"2019-04-01T07:00:48","Situation":"flat","Value":0.00000000},{"TimeFrom":"2019-04-01T07:00:48","TimeTo":"2019-04-01T07:05:50","Situation":"flat","Value":0.00000000},{"TimeFrom":"2019-04-01T07:05:50","TimeTo":"2019-04-01T07:10:52","Situation":"flat","Value":0.00000000},{"TimeFrom":"2019-04-01T07:10:52","TimeTo":"2019-04-01T07:15:55","Situation":"flat","Value":0.00000000},{"TimeFrom":"2019-04-01T07:15:55","TimeTo":"2019-04-01T07:20:58","Situation":"flat","Value":-30230.60000000},{"TimeFrom":"2019-04-01T07:20:58","TimeTo":"2019-04-01T07:26:00","Situation":"flat","Value":0.00000000},{"TimeFrom":"2019-04-01T07:26:00","TimeTo":"2019-04-01T07:31:07","Situation":"flat","Value":-54388.30000000},{"TimeFrom":"2019-04-01T07:31:07","TimeTo":"2019-04-01T07:36:10","Situation":"flat","Value":0.00000000},{"TimeFrom":"2019-04-01T07:36:10","TimeTo":"2019-04-01T07:41:10","Situation":"flat","Value":0.00000000},{"TimeFrom":"2019-04-01T07:41:10","TimeTo":"2019-04-01T07:46:11","Situation":"flat","Value":0.00000000},{"TimeFrom":"2019-04-01T07:46:11","TimeTo":"2019-04-01T07:51:12","Situation":"flat","Value":0.00000000},{"TimeFrom":"2019-04-01T07:51:12","TimeTo":"2019-04-01T07:56:15","Situation":"flat","Value":0.00000000},{"TimeFrom":"2019-04-01T07:56:15","TimeTo":"2019-04-01T08:01:16","Situation":"flat","Value":0.00000000},{"TimeFrom":"2019-04-01T08:01:16","TimeTo":"2019-04-01T08:06:16","Situation":"flat","Value":0.00000000},{"TimeFrom":"2019-04-01T08:06:16","TimeTo":"2019-04-01T08:11:20","Situation":"flat","Value":0.00000000},{"TimeFrom":"2019-04-01T08:11:20","TimeTo":"2019-04-01T08:16:22","Situation":"flat","Value":0.00000000},{"TimeFrom":"2019-04-01T08:16:22","TimeTo":"2019-04-01T08:21:26","Situation":"flat","Value":0.00000000},{"TimeFrom":"2019-04-01T08:21:26","TimeTo":"2019-04-01T08:26:29","Situation":"flat","Value":0.00000000},{"TimeFrom":"2019-04-01T08:26:29","TimeTo":"2019-04-01T08:31:30","Situation":"flat","Value":0.00000000},{"TimeFrom":"2019-04-01T08:31:30","TimeTo":"2019-04-01T08:36:30","Situation":"flat","Value":0.00000000},{"TimeFrom":"2019-04-01T08:36:30","TimeTo":"2019-04-01T08:41:31","Situation":"flat","Value":0.00000000},{"TimeFrom":"2019-04-01T08:41:31","TimeTo":"2019-04-01T08:46:35","Situation":"flat","Value":57628.00000000},{"TimeFrom":"2019-04-01T08:46:35","TimeTo":"2019-04-01T08:51:35","Situation":"flat","Value":0.00000000},{"TimeFrom":"2019-04-01T08:51:35","TimeTo":"2019-04-01T08:56:36","Situation":"flat","Value":112451.30000000},{"TimeFrom":"2019-04-01T08:56:36","TimeTo":"2019-04-01T09:01:36","Situation":"flat","Value":0.00000000},{"TimeFrom":"2019-04-01T09:01:36","TimeTo":"2019-04-01T09:06:36","Situation":"flat","Value":0.00000000},{"TimeFrom":"2019-04-01T09:06:36","TimeTo":"2019-04-01T09:11:37","Situation":"flat","Value":-33476.20000000},{"TimeFrom":"2019-04-01T09:11:37","TimeTo":"2019-04-01T09:16:41","Situation":"flat","Value":0.00000000},{"TimeFrom":"2019-04-01T09:16:41","TimeTo":"2019-04-01T09:21:41","Situation":"flat","Value":20560.70000000},{"TimeFrom":"2019-04-01T09:21:41","TimeTo":"2019-04-01T09:26:41","Situation":"flat","Value":0.00000000},{"TimeFrom":"2019-04-01T09:26:41","TimeTo":"2019-04-01T09:31:45","Situation":"flat","Value":0.00000000},{"TimeFrom":"2019-04-01T09:31:45","TimeTo":"2019-04-01T09:36:47","Situation":"flat","Value":0.00000000},{"TimeFrom":"2019-04-01T09:36:47","TimeTo":"2019-04-01T09:41:51","Situation":"flat","Value":0.00000000},{"TimeFrom":"2019-04-01T09:41:51","TimeTo":"2019-04-01T09:46:52","Situation":"flat","Value":0.00000000},{"TimeFrom":"2019-04-01T09:46:52","TimeTo":"2019-04-01T09:51:55","Situation":"flat","Value":0.00000000},{"TimeFrom":"2019-04-01T09:51:55","TimeTo":"2019-04-01T09:56:57","Situation":"flat","Value":0.00000000},{"TimeFrom":"2019-04-01T09:56:57","TimeTo":"2019-04-01T10:02:04","Situation":"flat","Value":0.00000000},{"TimeFrom":"2019-04-01T10:02:04","TimeTo":"2019-04-01T10:07:08","Situation":"flat","Value":0.00000000},{"TimeFrom":"2019-04-01T10:07:08","TimeTo":"2019-04-01T10:12:11","Situation":"flat","Value":0.00000000},{"TimeFrom":"2019-04-01T10:12:11","TimeTo":"2019-04-01T10:17:11","Situation":"flat","Value":0.00000000},{"TimeFrom":"2019-04-01T10:17:11","TimeTo":"2019-04-01T10:22:11","Situation":"flat","Value":0.00000000},{"TimeFrom":"2019-04-01T10:22:11","TimeTo":"2019-04-01T10:27:11","Situation":"flat","Value":0.00000000},{"TimeFrom":"2019-04-01T10:27:11","TimeTo":"2019-04-01T10:32:12","Situation":"flat","Value":0.00000000},{"TimeFrom":"2019-04-01T10:32:12","TimeTo":"2019-04-01T10:37:15","Situation":"flat","Value":0.00000000},{"TimeFrom":"2019-04-01T10:37:15","TimeTo":"2019-04-01T10:42:16","Situation":"flat","Value":0.00000000},{"TimeFrom":"2019-04-01T10:42:16","TimeTo":"2019-04-01T10:47:20","Situation":"flat","Value":0.00000000},{"TimeFrom":"2019-04-01T10:47:20","TimeTo":"2019-04-01T10:52:22","Situation":"flat","Value":0.00000000},{"TimeFrom":"2019-04-01T10:52:22","TimeTo":"2019-04-01T10:57:22","Situation":"flat","Value":-26889.00000000},{"TimeFrom":"2019-04-01T10:57:22","TimeTo":"2019-04-01T11:02:25","Situation":"flat","Value":0.00000000},{"TimeFrom":"2019-04-01T11:02:25","TimeTo":"2019-04-01T11:07:27","Situation":"flat","Value":-39279.70000000},{"TimeFrom":"2019-04-01T11:07:27","TimeTo":"2019-04-01T11:12:27","Situation":"flat","Value":23113.90000000},{"TimeFrom":"2019-04-01T11:12:27","TimeTo":"2019-04-01T11:17:27","Situation":"flat","Value":0.00000000},{"TimeFrom":"2019-04-01T11:17:27","TimeTo":"2019-04-01T11:22:31","Situation":"flat","Value":0.00000000},{"TimeFrom":"2019-04-01T11:22:31","TimeTo":"2019-04-01T11:27:33","Situation":"flat","Value":0.00000000},{"TimeFrom":"2019-04-01T11:27:33","TimeTo":"2019-04-01T11:32:33","Situation":"flat","Value":43963.40000000},{"TimeFrom":"2019-04-01T11:32:33","TimeTo":"2019-04-01T11:37:36","Situation":"flat","Value":0.00000000}]}
