{"OrderBookAsks":[{"Time":"2019-04-01T00:04:04","Situation":"flat","Type":"ask","Price":4.25000000,"Amount":74367.19000000,"Done":false},{"Time":"2019-04-01T00:09:06","Situation":"flat","Type":"ask","Price":4.25000000,"Amount":74367.19000000,"Done":false},{"Time":"2019-04-01T00:14:06","Situation":"flat","Type":"ask","Price":4.25000000,"Amount":74367.19000000,"Done":false},{"Time":"2019-04-01T00:19:07","Situation":"flat","Type":"ask","Price":4.25000000,"Amount":74367.19000000,"Done":false},{"Time":"2019-04-01T00:26:21","Situation":"trend","Type":"ask","Price":4.25000000,"Amount":74367.19000000,"Done":false},{"Time":"2019-04-01T00:33:35","Situation":"trend","Type":"ask","Price":4.25000000,"Amount":74717.06000000,"Done":false},{"Time":"2019-04-01T00:37:16","Situation":"trend","Type":"ask","Price":4.25000000,"Amount":74717.06000000,"Done":false},{"Time":"2019-04-01T00:56:15","Situation":"flat","Type":"ask","Price":4.25000000,"Amount":74817.06000000,"Done":false},{"Time":"2019-04-01T01:05:41","Situation":"trend","Type":"ask","Price":4.25000000,"Amount":74367.19000000,"Done":false},{"Time":"2019-04-01T01:50:56","Situation":"flat","Type":"ask","Price":4.20000000,"Amount":35863.40000000,"Done":false},{"Time":"2019-04-01T01:55:58","Situation":"flat","Type":"ask","Price":4.20000000,"Amount":35863.40000000,"Done":false},{"Time":"2019-04-01T02:01:00","Situation":"flat","Type":"ask","Price":4.20000000,"Amount":36540.11000000,"Done":false}],"OrderBookBids":[],"TradeHistory":[{"Time":"2019-04-01T01:10:43","Situation":"flat","Id":"16548124","Type":"market","Side":"buy","OrderTime":"2019-04-01T01:09:12","Price":4.21960000,"Amount":3623.57000000},{"Time":"2019-04-01T01:20:49","Situation":"flat","Id":"16548690","Type":"market","Side":"sell","OrderTime":"2019-04-01T01:18:38","Price":4.21000000,"Amount":5000.00000000},{"Time":"2019-04-01T02:06:02","Situation":"flat","Id":"16549650","Type":"market","Side":"buy","OrderTime":"2019-04-01T02:01:20","Price":4.20000000,"Amount":5986.14000000},{"Time":"2019-04-01T02:06:02","Situation":"flat","Id":"16549652","Type":"market","Side":"buy","OrderTime":"2019-04-01T02:01:20","Price":4.20000000,"Amount":29553.97000000},{"Time":"2019-04-01T02:06:02","Situation":"flat","Id":"16549693","Type":"market","Side":"buy","OrderTime":"2019-04-01T02:01:41","Price":4.20000000,"Amount":14632.41000000},{"Time":"2019-04-01T02:06:02","Situation":"flat","Id":"16549697","Type":"market","Side":"buy","OrderTime":"2019-04-01T02:01:41","Price":4.20000000,"Amount":3950.32000000},{"Time":"2019-04-01T02:26:12","Situation":"flat","Id":"16550201","Type":"market","Side":"buy","OrderTime":"2019-04-01T02:23:40","Price":4.20500000,"Amount":9607.28000000},{"Time":"2019-04-01T03:46:17","Situation":"flat","Id":"16553021","Type":"market","Side":"sell","OrderTime":"2019-04-01T03:45:05","Price":4.25000000,"Amount":4051.02000000},{"Time":"2019-04-01T03:46:17","Situation":"flat","Id":"16553051","Type":"market","Side":"sell","OrderTime":"2019-04-01T03:45:53","Price":4.25000000,"Amount":3785.15000000},{"Time":"2019-04-01T04:19:55","Situation":"flat","Id":"16554031","Type":"market","Side":"sell","OrderTime":"2019-04-01T04:16:31","Price":4.23040000,"Amount":3212.20000000},{"Time":"2019-04-01T04:24:55","Situation":"flat","Id":"16554138","Type":"market","Side":"sell","OrderTime":"2019-04-01T04:22:44","Price":4.23270000,"Amount":3686.16000000},{"Time":"2019-04-01T04:35:07","Situation":"flat","Id":"16554274","Type":"market","Side":"sell","OrderTime":"2019-04-01T04:30:02","Price":4.22850000,"Amount":8185.57000000},{"Time":"2019-04-01T04:50:15","Situation":"flat","Id":"16554610","Type":"market","Side":"sell","OrderTime":"2019-04-01T04:46:10","Price":4.22430000,"Amount":3332.00000000},{"Time":"2019-04-01T06:45:57","Situation":"flat","Id":"16557031","Type":"market","Side":"buy","OrderTime":"2019-04-01T06:42:35","Price":4.23000000,"Amount":3510.54000000},{"Time":"2019-04-01T06:56:07","Situation":"flat","Id":"16557179","Type":"market","Side":"buy","OrderTime":"2019-04-01T06:53:15","Price":4.22700000,"Amount":11725.86000000},{"Time":"2019-04-01T07:01:10","Situation":"flat","Id":"16557336","Type":"market","Side":"buy","OrderTime":"2019-04-01T07:00:21","Price":4.22830000,"Amount":4523.29000000},{"Time":"2019-04-01T07:16:11","Situation":"flat","Id":"16557564","Type":"market","Side":"buy","OrderTime":"2019-04-01T07:11:16","Price":4.23150000,"Amount":7861.96000000},{"Time":"2019-04-01T07:16:11","Situation":"flat","Id":"16557565","Type":"market","Side":"buy","OrderTime":"2019-04-01T07:11:16","Price":4.23150000,"Amount":7861.58000000},{"Time":"2019-04-01T07:16:11","Situation":"flat","Id":"16557766","Type":"market","Side":"buy","OrderTime":"2019-04-01T07:15:58","Price":4.23100000,"Amount":4379.43000000},{"Time":"2019-04-01T07:21:11","Situation":"flat","Id":"16557806","Type":"market","Side":"buy","OrderTime":"2019-04-01T07:16:59","Price":4.23100000,"Amount":3122.32000000},{"Time":"2019-04-01T07:21:11","Situation":"flat","Id":"16557810","Type":"market","Side":"buy","OrderTime":"2019-04-01T07:17:07","Price":4.23100000,"Amount":3394.03000000},{"Time":"2019-04-01T09:06:51","Situation":"flat","Id":"16560465","Type":"market","Side":"buy","OrderTime":"2019-04-01T09:03:54","Price":4.22000000,"Amount":4426.06000000},{"Time":"2019-04-01T09:32:00","Situation":"flat","Id":"16560936","Type":"market","Side":"buy","OrderTime":"2019-04-01T09:29:19","Price":4.20470000,"Amount":3000.00000000},{"Time":"2019-04-01T11:17:37","Situation":"flat","Id":"16564338","Type":"market","Side":"buy","OrderTime":"2019-04-01T11:15:16","Price":4.19350000,"Amount":3407.57000000},{"Time":"2019-04-01T11:17:37","Situation":"flat","Id":"16564479","Type":"market","Side":"sell","OrderTime":"2019-04-01T11:17:15","Price":4.18900000,"Amount":3345.67000000}],"TradeDelta":[{"TimeFrom":"2019-04-01T00:04:04","TimeTo":"2019-04-01T00:09:06","Situation":"flat","Value":0.00000000},{"TimeFrom":"2019-04-01T00:09:06","TimeTo":"2019-04-01T00:14:06","Situation":"flat","Value":0.00000000},{"TimeFrom":"2019-04-01T00:14:06","TimeTo":"2019-04-01T00:19:07","Situation":"flat","Value":0.00000000},{"TimeFrom":"2019-04-01T00:19:07","TimeTo":"2019-04-01T00:24:11","Situation":"flat","Value":0.00000000},{"TimeFrom":"2019-04-01T00:24:11","TimeTo":"2019-04-01T00:24:26","Situation":"trend","Value":0.00000000},{"TimeFrom":"2019-04-01T00:24:26","TimeTo":"2019-04-01T00:26:21","Situation":"trend","Value":0.00000000},{"TimeFrom":"2019-04-01T00:26:21","TimeTo":"2019-04-01T00:31:21","Situation":"flat","Value":0.00000000},{"TimeFrom":"2019-04-01T00:31:21","TimeTo":"2019-04-01T00:33:35","Situation":"trend","Value":0.00000000},{"TimeFrom":"2019-04-01T00:33:35","TimeTo":"2019-04-01T00:37:16","Situation":"trend","Value":0.00000000},{"TimeFrom":"2019-04-01T00:37:16","TimeTo":"2019-04-01T00:42:16","Situation":"flat","Value":0.00000000},{"TimeFrom":"2019-04-01T00:42:16","TimeTo":"2019-04-01T00:46:11","Situation":"trend","Value":0.00000000},{"TimeFrom":"2019-04-01T00:46:11","TimeTo":"2019-04-01T00:51:11","Situation":"flat","Value":0.00000000},{"TimeFrom":"2019-04-01T00:51:11","TimeTo":"2019-04-01T00:56:15","Situation":"flat","Value":0.00000000},{"TimeFrom":"2019-04-01T00:56:15","TimeTo":"2019-04-01T01:01:15","Situation":"flat","Value":0.00000000},{"TimeFrom":"2019-04-01T01:01:15","TimeTo":"2019-04-01T01:05:41","Situation":"trend","Value":0.00000000},{"TimeFrom":"2019-04-01T01:05:41","TimeTo":"2019-04-01T01:10:43","Situation":"flat","Value":3623.57000000},{"TimeFrom":"2019-04-01T01:10:43","TimeTo":"2019-04-01T01:15:47","Situation":"flat","Value":0.00000000},{"TimeFrom":"2019-04-01T01:15:47","TimeTo":"2019-04-01T01:20:49","Situation":"flat","Value":-5000.00000000},{"TimeFrom":"2019-04-01T01:20:49","TimeTo":"2019-04-01T01:25:50","Situation":"flat","Value":0.00000000},{"TimeFrom":"2019-04-01T01:25:50","TimeTo":"2019-04-01T01:30:53","Situation":"flat","Value":0.00000000},{"TimeFrom":"2019-04-01T01:30:53","TimeTo":"2019-04-01T01:35:56","Situation":"flat","Value":0.00000000},{"TimeFrom":"2019-04-01T01:35:56","TimeTo":"2019-04-01T01:40:56","Situation":"flat","Value":0.00000000},{"TimeFrom":"2019-04-01T01:40:56","TimeTo":"2019-04-01T01:45:56","Situation":"flat","Value":0.00000000},{"TimeFrom":"2019-04-01T01:45:56","TimeTo":"2019-04-01T01:50:56","Situation":"flat","Value":0.00000000},{"TimeFrom":"2019-04-01T01:50:56","TimeTo":"2019-04-01T01:55:58","Situation":"flat","Value":0.00000000},{"TimeFrom":"2019-04-01T01:55:58","TimeTo":"2019-04-01T02:01:00","Situation":"flat","Value":0.00000000},{"TimeFrom":"2019-04-01T02:01:00","TimeTo":"2019-04-01T02:06:02","Situation":"flat","Value":54122.84000000},{"TimeFrom":"2019-04-01T02:06:02","TimeTo":"2019-04-01T02:11:07","Situation":"flat","Value":0.00000000},{"TimeFrom":"2019-04-01T02:11:07","TimeTo":"2019-04-01T02:16:07","Situation":"flat","Value":0.00000000},{"TimeFrom":"2019-04-01T02:16:07","TimeTo":"2019-04-01T02:21:11","Situation":"flat","Value":0.00000000},{"TimeFrom":"2019-04-01T02:21:11","TimeTo":"2019-04-01T02:26:12","Situation":"flat","Value":9607.28000000},{"TimeFrom":"2019-04-01T02:26:12","TimeTo":"2019-04-01T02:31:16","Situation":"flat","Value":0.00000000},{"TimeFrom":"2019-04-01T02:31:16","TimeTo":"2019-04-01T02:36:16","Situation":"flat","Value":0.00000000},{"TimeFrom":"2019-04-01T02:36:16","TimeTo":"2019-04-01T02:41:17","Situation":"flat","Value":0.00000000},{"TimeFrom":"2019-04-01T02:41:17","TimeTo":"2019-04-01T02:46:17","Situation":"flat","Value":0.00000000},{"TimeFrom":"2019-04-01T02:46:17","TimeTo":"2019-04-01T02:51:20","Situation":"flat","Value":0.00000000},{"TimeFrom":"2019-04-01T02:51:20","TimeTo":"2019-04-01T02:56:23","Situation":"flat","Value":0.00000000},{"TimeFrom":"2019-04-01T02:56:23","TimeTo":"2019-04-01T03:00:50","Situation":"trend","Value":0.00000000},{"TimeFrom":"2019-04-01T03:00:50","TimeTo":"2019-04-01T03:05:54","Situation":"flat","Value":0.00000000},{"TimeFrom":"2019-04-01T03:05:54","TimeTo":"2019-04-01T03:10:56","Situation":"flat","Value":0.00000000},{"TimeFrom":"2019-04-01T03:10:56","TimeTo":"2019-04-01T03:16:00","Situation":"flat","Value":0.00000000},{"TimeFrom":"2019-04-01T03:16:00","TimeTo":"2019-04-01T03:21:05","Situation":"flat","Value":0.00000000},{"TimeFrom":"2019-04-01T03:21:05","TimeTo":"2019-04-01T03:26:06","Situation":"flat","Value":0.00000000},{"TimeFrom":"2019-04-01T03:26:06","TimeTo":"2019-04-01T03:31:10","Situation":"flat","Value":0.00000000},{"TimeFrom":"2019-04-01T03:31:10","TimeTo":"2019-04-01T03:36:12","Situation":"flat","Value":0.00000000},{"TimeFrom":"2019-04-01T03:36:12","TimeTo":"2019-04-01T03:41:15","Situation":"flat","Value":0.00000000},{"TimeFrom":"2019-04-01T03:41:15","TimeTo":"2019-04-01T03:46:17","Situation":"flat","Value":-7836.17000000},{"TimeFrom":"2019-04-01T03:46:17","TimeTo":"2019-04-01T03:51:21","Situation":"flat","Value":0.00000000},{"TimeFrom":"2019-04-01T03:51:21","TimeTo":"2019-04-01T03:54:51","Situation":"trend","Value":0.00000000},{"TimeFrom":"2019-04-01T03:54:51","TimeTo":"2019-04-01T03:59:51","Situation":"flat","Value":0.00000000},{"TimeFrom":"2019-04-01T03:59:51","TimeTo":"2019-04-01T04:04:52","Situation":"flat","Value":0.00000000},{"TimeFrom":"2019-04-01T04:04:52","TimeTo":"2019-04-01T04:09:55","Situation":"flat","Value":0.00000000},{"TimeFrom":"2019-04-01T04:09:55","TimeTo":"2019-04-01T04:14:55","Situation":"flat","Value":0.00000000},{"TimeFrom":"2019-04-01T04:14:55","TimeTo":"2019-04-01T04:19:55","Situation":"flat","Value":-3212.20000000},{"TimeFrom":"2019-04-01T04:19:55","TimeTo":"2019-04-01T04:24:55","Situation":"flat","Value":-3686.16000000},{"TimeFrom":"2019-04-01T04:24:55","TimeTo":"2019-04-01T04:29:57","Situation":"flat","Value":0.00000000},{"TimeFrom":"2019-04-01T04:29:57","TimeTo":"2019-04-01T04:35:07","Situation":"flat","Value":-8185.57000000},{"TimeFrom":"2019-04-01T04:35:07","TimeTo":"2019-04-01T04:40:11","Situation":"flat","Value":0.00000000},{"TimeFrom":"2019-04-01T04:40:11","TimeTo":"2019-04-01T04:45:11","Situation":"flat","Value":0.00000000},{"TimeFrom":"2019-04-01T04:45:11","TimeTo":"2019-04-01T04:50:15","Situation":"flat","Value":-3332.00000000},{"TimeFrom":"2019-04-01T04:50:15","TimeTo":"2019-04-01T04:55:16","Situation":"flat","Value":0.00000000},{"TimeFrom":"2019-04-01T04:55:16","TimeTo":"2019-04-01T05:00:16","Situation":"flat","Value":0.00000000},{"TimeFrom":"2019-04-01T05:00:16","TimeTo":"2019-04-01T05:05:16","Situation":"flat","Value":0.00000000},{"TimeFrom":"2019-04-01T05:05:16","TimeTo":"2019-04-01T05:10:18","Situation":"flat","Value":0.00000000},{"TimeFrom":"2019-04-01T05:10:18","TimeTo":"2019-04-01T05:15:21","Situation":"flat","Value":0.00000000},{"TimeFrom":"2019-04-01T05:15:21","TimeTo":"2019-04-01T05:20:24","Situation":"flat","Value":0.00000000},{"TimeFrom":"2019-04-01T05:20:24","TimeTo":"2019-04-01T05:25:26","Situation":"flat","Value":0.00000000},{"TimeFrom":"2019-04-01T05:25:26","TimeTo":"2019-04-01T05:30:28","Situation":"flat","Value":0.00000000},{"TimeFrom":"2019-04-01T05:30:28","TimeTo":"2019-04-01T05:35:30","Situation":"flat","Value":0.00000000},{"TimeFrom":"2019-04-01T05:35:30","TimeTo":"2019-04-01T05:40:31","Situation":"flat","Value":0.00000000},{"TimeFrom":"2019-04-01T05:40:31","TimeTo":"2019-04-01T05:45:32","Situation":"flat","Value":0.00000000},{"TimeFrom":"2019-04-01T05:45:32","TimeTo":"2019-04-01T05:50:36","Situation":"flat","Value":0.00000000},{"TimeFrom":"2019-04-01T05:50:36","TimeTo":"2019-04-01T05:55:38","Situation":"flat","Value":0.00000000},{"TimeFrom":"2019-04-01T05:55:38","TimeTo":"2019-04-01T06:00:40","Situation":"flat","Value":0.00000000},{"TimeFrom":"2019-04-01T06:00:40","TimeTo":"2019-04-01T06:05:41","Situation":"flat","Value":0.00000000},{"TimeFrom":"2019-04-01T06:05:41","TimeTo":"2019-04-01T06:10:45","Situation":"flat","Value":0.00000000},{"TimeFrom":"2019-04-01T06:10:45","TimeTo":"2019-04-01T06:15:47","Situation":"flat","Value":0.00000000},{"TimeFrom":"2019-04-01T06:15:47","TimeTo":"2019-04-01T06:20:50","Situation":"flat","Value":0.00000000},{"TimeFrom":"2019-04-01T06:20:50","TimeTo":"2019-04-01T06:25:50","Situation":"flat","Value":0.00000000},{"TimeFrom":"2019-04-01T06:25:50","TimeTo":"2019-04-01T06:30:51","Situation":"flat","Value":0.00000000},{"TimeFrom":"2019-04-01T06:30:51","TimeTo":"2019-04-01T06:35:51","Situation":"flat","Value":0.00000000},{"TimeFrom":"2019-04-01T06:35:51","TimeTo":"2019-04-01T06:40:55","Situation":"flat","Value":0.00000000},{"TimeFrom":"2019-04-01T06:40:55","TimeTo":"2019-04-01T06:45:57","Situation":"flat","Value":3510.54000000},{"TimeFrom":"2019-04-01T06:45:57","TimeTo":"2019-04-01T06:51:00","Situation":"flat","Value":0.00000000},{"TimeFrom":"2019-04-01T06:51:00","TimeTo":"2019-04-01T06:56:07","Situation":"flat","Value":11725.86000000},{"TimeFrom":"2019-04-01T06:56:07","TimeTo":"2019-04-01T07:01:10","Situation":"flat","Value":4523.29000000},{"TimeFrom":"2019-04-01T07:01:10","TimeTo":"2019-04-01T07:06:11","Situation":"flat","Value":0.00000000},{"TimeFrom":"2019-04-01T07:06:11","TimeTo":"2019-04-01T07:11:11","Situation":"flat","Value":0.00000000},{"TimeFrom":"2019-04-01T07:11:11","TimeTo":"2019-04-01T07:16:11","Situation":"flat","Value":20102.97000000},{"TimeFrom":"2019-04-01T07:16:11","TimeTo":"2019-04-01T07:21:11","Situation":"flat","Value":6516.35000000},{"TimeFrom":"2019-04-01T07:21:11","TimeTo":"2019-04-01T07:26:11","Situation":"flat","Value":0.00000000},{"TimeFrom":"2019-04-01T07:26:11","TimeTo":"2019-04-01T07:31:12","Situation":"flat","Value":0.00000000},{"TimeFrom":"2019-04-01T07:31:12","TimeTo":"2019-04-01T07:36:15","Situation":"flat","Value":0.00000000},{"TimeFrom":"2019-04-01T07:36:15","TimeTo":"2019-04-01T07:41:15","Situation":"flat","Value":0.00000000},{"TimeFrom":"2019-04-01T07:41:15","TimeTo":"2019-04-01T07:46:16","Situation":"flat","Value":0.00000000},{"TimeFrom":"2019-04-01T07:46:16","TimeTo":"2019-04-01T07:51:17","Situation":"flat","Value":0.00000000},{"TimeFrom":"2019-04-01T07:51:17","TimeTo":"2019-04-01T07:56:20","Situation":"flat","Value":0.00000000},{"TimeFrom":"2019-04-01T07:56:20","TimeTo":"2019-04-01T08:01:21","Situation":"flat","Value":0.00000000},{"TimeFrom":"2019-04-01T08:01:21","TimeTo":"2019-04-01T08:06:22","Situation":"flat","Value":0.00000000},{"TimeFrom":"2019-04-01T08:06:22","TimeTo":"2019-04-01T08:11:25","Situation":"flat","Value":0.00000000},{"TimeFrom":"2019-04-01T08:11:25","TimeTo":"2019-04-01T08:16:27","Situation":"flat","Value":0.00000000},{"TimeFrom":"2019-04-01T08:16:27","TimeTo":"2019-04-01T08:21:31","Situation":"flat","Value":0.00000000},{"TimeFrom":"2019-04-01T08:21:31","TimeTo":"2019-04-01T08:26:35","Situation":"flat","Value":0.00000000},{"TimeFrom":"2019-04-01T08:26:35","TimeTo":"2019-04-01T08:31:35","Situation":"flat","Value":0.00000000},{"TimeFrom":"2019-04-01T08:31:35","TimeTo":"2019-04-01T08:36:35","Situation":"flat","Value":0.00000000},{"TimeFrom":"2019-04-01T08:36:35","TimeTo":"2019-04-01T08:41:37","Situation":"flat","Value":0.00000000},{"TimeFrom":"2019-04-01T08:41:37","TimeTo":"2019-04-01T08:46:41","Situation":"flat","Value":0.00000000},{"TimeFrom":"2019-04-01T08:46:41","TimeTo":"2019-04-01T08:51:44","Situation":"flat","Value":0.00000000},{"TimeFrom":"2019-04-01T08:51:44","TimeTo":"2019-04-01T08:56:46","Situation":"flat","Value":0.00000000},{"TimeFrom":"2019-04-01T08:56:46","TimeTo":"2019-04-01T09:01:47","Situation":"flat","Value":0.00000000},{"TimeFrom":"2019-04-01T09:01:47","TimeTo":"2019-04-01T09:06:51","Situation":"flat","Value":4426.06000000},{"TimeFrom":"2019-04-01T09:06:51","TimeTo":"2019-04-01T09:11:51","Situation":"flat","Value":0.00000000},{"TimeFrom":"2019-04-01T09:11:51","TimeTo":"2019-04-01T09:16:54","Situation":"flat","Value":0.00000000},{"TimeFrom":"2019-04-01T09:16:54","TimeTo":"2019-04-01T09:21:56","Situation":"flat","Value":0.00000000},{"TimeFrom":"2019-04-01T09:21:56","TimeTo":"2019-04-01T09:27:00","Situation":"flat","Value":0.00000000},{"TimeFrom":"2019-04-01T09:27:00","TimeTo":"2019-04-01T09:32:00","Situation":"flat","Value":3000.00000000},{"TimeFrom":"2019-04-01T09:32:00","TimeTo":"2019-04-01T09:37:06","Situation":"flat","Value":0.00000000},{"TimeFrom":"2019-04-01T09:37:06","TimeTo":"2019-04-01T09:42:07","Situation":"flat","Value":0.00000000},{"TimeFrom":"2019-04-01T09:42:07","TimeTo":"2019-04-01T09:47:10","Situation":"flat","Value":0.00000000},{"TimeFrom":"2019-04-01T09:47:10","TimeTo":"2019-04-01T09:52:11","Situation":"flat","Value":0.00000000},{"TimeFrom":"2019-04-01T09:52:11","TimeTo":"2019-04-01T09:57:11","Situation":"flat","Value":0.00000000},{"TimeFrom":"2019-04-01T09:57:11","TimeTo":"2019-04-01T10:02:14","Situation":"flat","Value":0.00000000},{"TimeFrom":"2019-04-01T10:02:14","TimeTo":"2019-04-01T10:07:18","Situation":"flat","Value":0.00000000},{"TimeFrom":"2019-04-01T10:07:18","TimeTo":"2019-04-01T10:12:20","Situation":"flat","Value":0.00000000},{"TimeFrom":"2019-04-01T10:12:20","TimeTo":"2019-04-01T10:17:21","Situation":"flat","Value":0.00000000},{"TimeFrom":"2019-04-01T10:17:21","TimeTo":"2019-04-01T10:22:21","Situation":"flat","Value":0.00000000},{"TimeFrom":"2019-04-01T10:22:21","TimeTo":"2019-04-01T10:27:21","Situation":"flat","Value":0.00000000},{"TimeFrom":"2019-04-01T10:27:21","TimeTo":"2019-04-01T10:32:22","Situation":"flat","Value":0.00000000},{"TimeFrom":"2019-04-01T10:32:22","TimeTo":"2019-04-01T10:37:25","Situation":"flat","Value":0.00000000},{"TimeFrom":"2019-04-01T10:37:25","TimeTo":"2019-04-01T10:42:26","Situation":"flat","Value":0.00000000},{"TimeFrom":"2019-04-01T10:42:26","TimeTo":"2019-04-01T10:47:26","Situation":"flat","Value":0.00000000},{"TimeFrom":"2019-04-01T10:47:26","TimeTo":"2019-04-01T10:52:28","Situation":"flat","Value":0.00000000},{"TimeFrom":"2019-04-01T10:52:28","TimeTo":"2019-04-01T10:57:32","Situation":"flat","Value":0.00000000},{"TimeFrom":"2019-04-01T10:57:32","TimeTo":"2019-04-01T11:02:35","Situation":"flat","Value":0.00000000},{"TimeFrom":"2019-04-01T11:02:35","TimeTo":"2019-04-01T11:07:37","Situation":"flat","Value":0.00000000},{"TimeFrom":"2019-04-01T11:07:37","TimeTo":"2019-04-01T11:12:37","Situation":"flat","Value":0.00000000},{"TimeFrom":"2019-04-01T11:12:37","TimeTo":"2019-04-01T11:17:37","Situation":"flat","Value":61.90000000},{"TimeFrom":"2019-04-01T11:17:37","TimeTo":"2019-04-01T11:22:41","Situation":"flat","Value":0.00000000},{"TimeFrom":"2019-04-01T11:22:41","TimeTo":"2019-04-01T11:27:42","Situation":"flat","Value":0.00000000},{"TimeFrom":"2019-04-01T11:27:42","TimeTo":"2019-04-01T11:32:42","Situation":"flat","Value":0.00000000},{"TimeFrom":"2019-04-01T11:32:42","TimeTo":"2019-04-01T11:37:42","Situation":"flat","Value":0.00000000}]}
