{"OrderBookAsks":[{"Time":"2019-04-01T02:26:22","Situation":"flat","Type":"ask","Price":17.45700000,"Amount":41528.96000000,"Done":false},{"Time":"2019-04-01T02:31:25","Situation":"flat","Type":"ask","Price":17.45700000,"Amount":41224.96000000,"Done":false},{"Time":"2019-04-01T02:46:27","Situation":"flat","Type":"ask","Price":17.52000000,"Amount":10377.54000000,"Done":false},{"Time":"2019-04-01T09:29:07","Situation":"flat","Type":"ask","Price":17.44230000,"Amount":23109.53000000,"Done":false},{"Time":"2019-04-01T09:34:11","Situation":"flat","Type":"ask","Price":17.44230000,"Amount":23048.38000000,"Done":false},{"Time":"2019-04-01T09:39:12","Situation":"flat","Type":"ask","Price":17.44230000,"Amount":23048.38000000,"Done":false},{"Time":"2019-04-01T09:44:12","Situation":"flat","Type":"ask","Price":17.44230000,"Amount":15257.37000000,"Done":false},{"Time":"2019-04-01T09:49:15","Situation":"flat","Type":"ask","Price":17.44230000,"Amount":15257.37000000,"Done":false},{"Time":"2019-04-01T09:54:16","Situation":"flat","Type":"ask","Price":17.44230000,"Amount":15257.37000000,"Done":false},{"Time":"2019-04-01T09:59:17","Situation":"flat","Type":"ask","Price":17.44230000,"Amount":15257.37000000,"Done":false},{"Time":"2019-04-01T11:07:27","Situation":"trend","Type":"ask","Price":17.68000000,"Amount":8131.29000000,"Done":false},{"Time":"2019-04-01T11:10:36","Situation":"trend","Type":"ask","Price":18.00000000,"Amount":13250.24000000,"Done":false},{"Time":"2019-04-01T11:11:18","Situation":"trend","Type":"ask","Price":18.20000000,"Amount":7954.65000000,"Done":false},{"Time":"2019-04-01T11:12:22","Situation":"trend","Type":"ask","Price":18.20000000,"Amount":7502.20000000,"Done":false},{"Time":"2019-04-01T11:14:10","Situation":"trend","Type":"ask","Price":18.20000000,"Amount":7545.25000000,"Done":false},{"Time":"2019-04-01T17:02:30","Situation":"flat","Type":"ask","Price":18.01000000,"Amount":13623.55000000,"Done":false},{"Time":"2019-04-01T17:07:30","Situation":"flat","Type":"ask","Price":18.01000000,"Amount":13623.55000000,"Done":false},{"Time":"2019-04-01T17:12:31","Situation":"flat","Type":"ask","Price":18.01000000,"Amount":13623.55000000,"Done":false},{"Time":"2019-04-01T17:17:35","Situation":"flat","Type":"ask","Price":18.01000000,"Amount":13623.55000000,"Done":false},{"Time":"2019-04-01T17:22:38","Situation":"flat","Type":"ask","Price":18.01000000,"Amount":13623.55000000,"Done":false},{"Time":"2019-04-01T17:27:41","Situation":"flat","Type":"ask","Price":18.01000000,"Amount":13623.55000000,"Done":false},{"Time":"2019-04-01T17:42:50","Situation":"flat","Type":"ask","Price":18.01000000,"Amount":13613.88000000,"Done":false},{"Time":"2019-04-01T17:47:54","Situation":"flat","Type":"ask","Price":18.01000000,"Amount":13700.23000000,"Done":false},{"Time":"2019-04-01T18:03:07","Situation":"flat","Type":"ask","Price":17.95810000,"Amount":13363.94000000,"Done":false},{"Time":"2019-04-01T18:08:11","Situation":"flat","Type":"ask","Price":17.94000000,"Amount":12732.84000000,"Done":false},{"Time":"2019-04-01T18:13:12","Situation":"flat","Type":"ask","Price":17.94370000,"Amount":12774.21000000,"Done":false},{"Time":"2019-04-01T18:23:17","Situation":"flat","Type":"ask","Price":17.90000000,"Amount":10179.15000000,"Done":false},{"Time":"2019-04-01T18:33:20","Situation":"flat","Type":"ask","Price":17.90000000,"Amount":8311.62000000,"Done":false},{"Time":"2019-04-02T05:22:54","Situation":"flat","Type":"ask","Price":18.07730000,"Amount":7726.32000000,"Done":false},{"Time":"2019-04-02T05:25:29","Situation":"trend","Type":"ask","Price":18.07730000,"Amount":7726.32000000,"Done":true},{"Time":"2019-04-02T05:26:58","Situation":"trend","Type":"ask","Price":18.07730000,"Amount":7726.32000000,"Done":true},{"Time":"2019-04-02T09:54:50","Situation":"trend","Type":"ask","Price":18.95000000,"Amount":16585.71000000,"Done":false},{"Time":"2019-04-02T09:59:51","Situation":"flat","Type":"ask","Price":18.95000000,"Amount":16165.67000000,"Done":false},{"Time":"2019-04-02T09:59:51","Situation":"flat","Type":"ask","Price":19.00000000,"Amount":15806.73000000,"Done":false},{"Time":"2019-04-02T10:04:53","Situation":"flat","Type":"ask","Price":18.95000000,"Amount":15470.88000000,"Done":false},{"Time":"2019-04-02T10:09:54","Situation":"flat","Type":"ask","Price":18.95000000,"Amount":15470.28000000,"Done":false},{"Time":"2019-04-02T10:14:55","Situation":"flat","Type":"ask","Price":18.95000000,"Amount":15477.22000000,"Done":false},{"Time":"2019-04-02T10:19:57","Situation":"flat","Type":"ask","Price":18.95000000,"Amount":15470.28000000,"Done":false},{"Time":"2019-04-02T10:24:59","Situation":"flat","Type":"ask","Price":18.95000000,"Amount":15460.28000000,"Done":false},{"Time":"2019-04-02T10:30:03","Situation":"flat","Type":"ask","Price":18.95000000,"Amount":15760.28000000,"Done":false},{"Time":"2019-04-02T10:35:05","Situation":"flat","Type":"ask","Price":18.95000000,"Amount":15460.35000000,"Done":false},{"Time":"2019-04-02T10:37:55","Situation":"trend","Type":"ask","Price":19.00000000,"Amount":15306.32000000,"Done":false},{"Time":"2019-04-02T10:40:33","Situation":"trend","Type":"ask","Price":18.95000000,"Amount":15460.35000000,"Done":true},{"Time":"2019-04-02T18:37:45","Situation":"trend","Type":"ask","Price":19.50000000,"Amount":11507.71000000,"Done":false},{"Time":"2019-04-02T18:42:49","Situation":"flat","Type":"ask","Price":19.50000000,"Amount":11102.54000000,"Done":false},{"Time":"2019-04-02T18:46:37","Situation":"trend","Type":"ask","Price":19.50000000,"Amount":11421.38000000,"Done":false},{"Time":"2019-04-02T18:51:40","Situation":"flat","Type":"ask","Price":19.50000000,"Amount":11621.35000000,"Done":false},{"Time":"2019-04-02T18:56:40","Situation":"flat","Type":"ask","Price":19.50000000,"Amount":11947.13000000,"Done":false},{"Time":"2019-04-02T19:01:40","Situation":"flat","Type":"ask","Price":19.50000000,"Amount":9687.06000000,"Done":false},{"Time":"2019-04-02T19:06:44","Situation":"flat","Type":"ask","Price":19.50000000,"Amount":9508.75000000,"Done":false},{"Time":"2019-04-02T19:11:45","Situation":"flat","Type":"ask","Price":19.50000000,"Amount":9508.75000000,"Done":false},{"Time":"2019-04-02T19:16:45","Situation":"flat","Type":"ask","Price":19.50000000,"Amount":9481.96000000,"Done":false},{"Time":"2019-04-02T19:21:49","Situation":"flat","Type":"ask","Price":19.50000000,"Amount":7027.79000000,"Done":false},{"Time":"2019-04-02T22:02:59","Situation":"flat","Type":"ask","Price":19.60000000,"Amount":34791.79000000,"Done":false},{"Time":"2019-04-02T23:31:48","Situation":"flat","Type":"ask","Price":19.75000000,"Amount":8736.42000000,"Done":false},{"Time":"2019-04-03T00:32:55","Situation":"trend","Type":"ask","Price":20.00000000,"Amount":14841.47000000,"Done":false},{"Time":"2019-04-03T00:47:50","Situation":"trend","Type":"ask","Price":20.00000000,"Amount":7199.68000000,"Done":false},{"Time":"2019-04-03T00:48:34","Situation":"trend","Type":"ask","Price":20.00000000,"Amount":7000.97000000,"Done":false},{"Time":"2019-04-03T00:50:59","Situation":"trend","Type":"ask","Price":20.00000000,"Amount":6973.28000000,"Done":false},{"Time":"2019-04-03T01:02:00","Situation":"trend","Type":"ask","Price":19.60000000,"Amount":53771.54000000,"Done":false},{"Time":"2019-04-03T01:05:55","Situation":"trend","Type":"ask","Price":19.50000000,"Amount":117154.53000000,"Done":false},{"Time":"2019-04-03T01:07:15","Situation":"trend","Type":"ask","Price":19.20000000,"Amount":92799.40000000,"Done":false},{"Time":"2019-04-03T01:53:27","Situation":"trend","Type":"ask","Price":19.40000000,"Amount":10812.00000000,"Done":false},{"Time":"2019-04-03T01:58:30","Situation":"flat","Type":"ask","Price":19.40000000,"Amount":9517.97000000,"Done":false},{"Time":"2019-04-03T02:01:30","Situation":"trend","Type":"ask","Price":19.40000000,"Amount":7517.91000000,"Done":false},{"Time":"2019-04-03T02:26:48","Situation":"trend","Type":"ask","Price":19.30000000,"Amount":10797.04000000,"Done":false},{"Time":"2019-04-03T02:46:28","Situation":"flat","Type":"ask","Price":19.47000000,"Amount":6780.70000000,"Done":false},{"Time":"2019-04-03T09:19:25","Situation":"flat","Type":"ask","Price":19.33330000,"Amount":11493.17000000,"Done":false},{"Time":"2019-04-03T09:24:28","Situation":"flat","Type":"ask","Price":19.33330000,"Amount":11495.37000000,"Done":false},{"Time":"2019-04-03T09:29:30","Situation":"flat","Type":"ask","Price":19.33330000,"Amount":11495.37000000,"Done":false},{"Time":"2019-04-04T02:36:20","Situation":"trend","Type":"ask","Price":19.30000000,"Amount":7019.19000000,"Done":false},{"Time":"2019-04-04T02:37:45","Situation":"trend","Type":"ask","Price":19.23600000,"Amount":7703.49000000,"Done":false},{"Time":"2019-04-04T02:39:35","Situation":"trend","Type":"ask","Price":19.30000000,"Amount":7019.19000000,"Done":false},{"Time":"2019-04-04T02:42:55","Situation":"trend","Type":"ask","Price":19.30000000,"Amount":6878.94000000,"Done":false},{"Time":"2019-04-04T02:44:25","Situation":"trend","Type":"ask","Price":19.30000000,"Amount":7521.93000000,"Done":false},{"Time":"2019-04-04T02:45:05","Situation":"trend","Type":"ask","Price":19.30000000,"Amount":7509.93000000,"Done":false},{"Time":"2019-04-04T02:45:20","Situation":"trend","Type":"ask","Price":19.30000000,"Amount":7508.90000000,"Done":false},{"Time":"2019-04-04T02:47:50","Situation":"trend","Type":"ask","Price":19.30000000,"Amount":7530.12000000,"Done":false},{"Time":"2019-04-04T02:51:33","Situation":"trend","Type":"ask","Price":19.30000000,"Amount":7660.32000000,"Done":false},{"Time":"2019-04-04T02:56:35","Situation":"flat","Type":"ask","Price":19.30000000,"Amount":7654.30000000,"Done":false},{"Time":"2019-04-04T02:58:45","Situation":"trend","Type":"ask","Price":19.30000000,"Amount":7640.48000000,"Done":false},{"Time":"2019-04-04T03:01:41","Situation":"trend","Type":"ask","Price":19.30000000,"Amount":7035.89000000,"Done":false},{"Time":"2019-04-04T03:06:33","Situation":"trend","Type":"ask","Price":19.20000000,"Amount":8321.01000000,"Done":false},{"Time":"2019-04-04T03:59:22","Situation":"flat","Type":"ask","Price":19.30000000,"Amount":10634.10000000,"Done":false},{"Time":"2019-04-04T06:31:14","Situation":"flat","Type":"ask","Price":19.15000000,"Amount":7121.36000000,"Done":false},{"Time":"2019-04-04T11:15:39","Situation":"trend","Type":"ask","Price":18.85000000,"Amount":10199.30000000,"Done":false},{"Time":"2019-04-04T17:58:05","Situation":"trend","Type":"ask","Price":18.50000000,"Amount":6826.60000000,"Done":false},{"Time":"2019-04-04T19:37:59","Situation":"trend","Type":"ask","Price":19.00000000,"Amount":9059.24000000,"Done":false},{"Time":"2019-04-04T22:36:04","Situation":"flat","Type":"ask","Price":19.33650000,"Amount":7593.78000000,"Done":false},{"Time":"2019-04-04T22:39:20","Situation":"trend","Type":"ask","Price":19.33650000,"Amount":7593.78000000,"Done":false},{"Time":"2019-04-05T14:06:45","Situation":"flat","Type":"ask","Price":19.07000000,"Amount":10093.95000000,"Done":false},{"Time":"2019-04-05T14:11:45","Situation":"flat","Type":"ask","Price":19.07000000,"Amount":9519.00000000,"Done":false},{"Time":"2019-04-05T14:26:45","Situation":"flat","Type":"ask","Price":19.10000000,"Amount":9573.68000000,"Done":false},{"Time":"2019-04-05T14:31:45","Situation":"flat","Type":"ask","Price":19.10000000,"Amount":10657.45000000,"Done":false},{"Time":"2019-04-05T14:36:45","Situation":"flat","Type":"ask","Price":19.10000000,"Amount":10555.08000000,"Done":false},{"Time":"2019-04-05T14:41:49","Situation":"flat","Type":"ask","Price":19.10000000,"Amount":10689.30000000,"Done":false},{"Time":"2019-04-05T14:51:54","Situation":"flat","Type":"ask","Price":19.10000000,"Amount":10071.31000000,"Done":false},{"Time":"2019-04-05T14:56:55","Situation":"flat","Type":"ask","Price":19.10000000,"Amount":9969.98000000,"Done":false},{"Time":"2019-04-05T21:51:59","Situation":"flat","Type":"ask","Price":19.37960000,"Amount":7075.71000000,"Done":false},{"Time":"2019-04-05T21:57:00","Situation":"flat","Type":"ask","Price":19.34640000,"Amount":12823.51000000,"Done":false},{"Time":"2019-04-05T22:12:05","Situation":"flat","Type":"ask","Price":19.32640000,"Amount":7094.64000000,"Done":false},{"Time":"2019-04-06T02:07:33","Situation":"flat","Type":"ask","Price":19.17000000,"Amount":9945.11000000,"Done":false},{"Time":"2019-04-06T02:12:35","Situation":"flat","Type":"ask","Price":19.17000000,"Amount":9945.11000000,"Done":false},{"Time":"2019-04-06T02:17:39","Situation":"flat","Type":"ask","Price":19.17000000,"Amount":9945.11000000,"Done":false},{"Time":"2019-04-06T02:22:41","Situation":"flat","Type":"ask","Price":19.17000000,"Amount":9945.11000000,"Done":false},{"Time":"2019-04-06T02:27:44","Situation":"flat","Type":"ask","Price":19.17000000,"Amount":9945.11000000,"Done":false},{"Time":"2019-04-06T02:32:44","Situation":"flat","Type":"ask","Price":19.17000000,"Amount":9945.11000000,"Done":false},{"Time":"2019-04-06T02:37:44","Situation":"flat","Type":"ask","Price":19.17000000,"Amount":9945.11000000,"Done":false},{"Time":"2019-04-06T02:42:44","Situation":"flat","Type":"ask","Price":19.17000000,"Amount":9945.11000000,"Done":false},{"Time":"2019-04-06T02:47:45","Situation":"flat","Type":"ask","Price":19.17000000,"Amount":9945.11000000,"Done":false},{"Time":"2019-04-06T02:52:45","Situation":"flat","Type":"ask","Price":19.17000000,"Amount":9935.11000000,"Done":false},{"Time":"2019-04-06T02:57:45","Situation":"flat","Type":"ask","Price":19.17000000,"Amount":9935.11000000,"Done":false},{"Time":"2019-04-06T03:02:48","Situation":"flat","Type":"ask","Price":19.17000000,"Amount":9935.11000000,"Done":false},{"Time":"2019-04-06T03:07:49","Situation":"flat","Type":"ask","Price":19.17000000,"Amount":9935.11000000,"Done":false},{"Time":"2019-04-06T03:12:50","Situation":"flat","Type":"ask","Price":19.17000000,"Amount":9935.11000000,"Done":false},{"Time":"2019-04-06T03:17:54","Situation":"flat","Type":"ask","Price":19.17000000,"Amount":9945.11000000,"Done":false},{"Time":"2019-04-06T03:22:58","Situation":"flat","Type":"ask","Price":19.17000000,"Amount":9935.11000000,"Done":false},{"Time":"2019-04-06T03:27:59","Situation":"flat","Type":"ask","Price":19.17000000,"Amount":9945.11000000,"Done":false},{"Time":"2019-04-06T03:32:59","Situation":"flat","Type":"ask","Price":19.17000000,"Amount":9945.11000000,"Done":false},{"Time":"2019-04-06T03:37:59","Situation":"flat","Type":"ask","Price":19.17000000,"Amount":9945.11000000,"Done":false},{"Time":"2019-04-06T03:43:00","Situation":"flat","Type":"ask","Price":19.17000000,"Amount":9945.11000000,"Done":false},{"Time":"2019-04-06T03:48:00","Situation":"flat","Type":"ask","Price":19.17000000,"Amount":9945.11000000,"Done":false},{"Time":"2019-04-06T03:53:00","Situation":"flat","Type":"ask","Price":19.17000000,"Amount":9945.11000000,"Done":false},{"Time":"2019-04-06T03:58:02","Situation":"flat","Type":"ask","Price":19.17000000,"Amount":9945.11000000,"Done":false},{"Time":"2019-04-06T04:03:04","Situation":"flat","Type":"ask","Price":19.17000000,"Amount":9945.11000000,"Done":false},{"Time":"2019-04-06T04:08:06","Situation":"flat","Type":"ask","Price":19.17000000,"Amount":9945.11000000,"Done":false},{"Time":"2019-04-06T04:13:08","Situation":"flat","Type":"ask","Price":19.17000000,"Amount":9945.11000000,"Done":false},{"Time":"2019-04-06T04:18:09","Situation":"flat","Type":"ask","Price":19.17000000,"Amount":9945.11000000,"Done":false},{"Time":"2019-04-06T04:23:13","Situation":"flat","Type":"ask","Price":19.17000000,"Amount":9945.11000000,"Done":false},{"Time":"2019-04-06T04:28:14","Situation":"flat","Type":"ask","Price":19.17000000,"Amount":9945.11000000,"Done":false},{"Time":"2019-04-06T04:33:14","Situation":"flat","Type":"ask","Price":19.17000000,"Amount":9945.11000000,"Done":false},{"Time":"2019-04-06T04:38:15","Situation":"flat","Type":"ask","Price":19.17000000,"Amount":9945.11000000,"Done":false},{"Time":"2019-04-06T04:43:19","Situation":"flat","Type":"ask","Price":19.17000000,"Amount":9945.11000000,"Done":false},{"Time":"2019-04-06T04:48:20","Situation":"flat","Type":"ask","Price":19.17000000,"Amount":9945.11000000,"Done":false},{"Time":"2019-04-06T04:53:23","Situation":"flat","Type":"ask","Price":19.17000000,"Amount":9945.11000000,"Done":false},{"Time":"2019-04-06T04:58:24","Situation":"flat","Type":"ask","Price":19.17000000,"Amount":9945.11000000,"Done":false},{"Time":"2019-04-06T05:03:25","Situation":"flat","Type":"ask","Price":19.17000000,"Amount":9945.11000000,"Done":false},{"Time":"2019-04-06T05:08:27","Situation":"flat","Type":"ask","Price":19.17000000,"Amount":9945.11000000,"Done":false},{"Time":"2019-04-06T05:13:29","Situation":"flat","Type":"ask","Price":19.17000000,"Amount":9536.07000000,"Done":false},{"Time":"2019-04-06T05:18:29","Situation":"flat","Type":"ask","Price":19.17000000,"Amount":9516.61000000,"Done":false},{"Time":"2019-04-06T05:23:33","Situation":"flat","Type":"ask","Price":19.17000000,"Amount":8422.35000000,"Done":false},{"Time":"2019-04-07T03:03:48","Situation":"flat","Type":"ask","Price":18.98880000,"Amount":14384.82000000,"Done":false},{"Time":"2019-04-07T05:37:49","Situation":"flat","Type":"ask","Price":19.20000000,"Amount":12824.45000000,"Done":false},{"Time":"2019-04-07T07:43:19","Situation":"flat","Type":"ask","Price":19.20000000,"Amount":12145.40000000,"Done":false},{"Time":"2019-04-07T07:48:20","Situation":"flat","Type":"ask","Price":19.20000000,"Amount":12141.40000000,"Done":false},{"Time":"2019-04-07T07:53:23","Situation":"flat","Type":"ask","Price":19.20000000,"Amount":11818.32000000,"Done":false},{"Time":"2019-04-07T07:58:24","Situation":"flat","Type":"ask","Price":19.20000000,"Amount":11391.23000000,"Done":false},{"Time":"2019-04-07T13:33:56","Situation":"flat","Type":"ask","Price":19.04000000,"Amount":9046.43000000,"Done":false},{"Time":"2019-04-07T13:38:59","Situation":"flat","Type":"ask","Price":19.04000000,"Amount":9056.43000000,"Done":false},{"Time":"2019-04-07T13:44:04","Situation":"flat","Type":"ask","Price":19.04000000,"Amount":9056.43000000,"Done":false},{"Time":"2019-04-07T13:49:06","Situation":"flat","Type":"ask","Price":19.04000000,"Amount":9169.05000000,"Done":false},{"Time":"2019-04-07T13:54:09","Situation":"flat","Type":"ask","Price":19.04000000,"Amount":9169.60000000,"Done":false},{"Time":"2019-04-07T13:59:10","Situation":"flat","Type":"ask","Price":19.04000000,"Amount":9169.60000000,"Done":false},{"Time":"2019-04-07T22:22:49","Situation":"flat","Type":"ask","Price":18.99950000,"Amount":9880.19000000,"Done":false}],"OrderBookBids":[{"Time":"2019-04-01T08:08:31","Situation":"flat","Type":"bid","Price":17.37000000,"Amount":6898.85000000,"Done":false},{"Time":"2019-04-01T08:13:32","Situation":"flat","Type":"bid","Price":17.37000000,"Amount":6898.85000000,"Done":false},{"Time":"2019-04-01T08:18:36","Situation":"flat","Type":"bid","Price":17.37000000,"Amount":6898.85000000,"Done":false},{"Time":"2019-04-01T08:23:38","Situation":"flat","Type":"bid","Price":17.37000000,"Amount":6808.26000000,"Done":false},{"Time":"2019-04-01T08:28:41","Situation":"flat","Type":"bid","Price":17.37000000,"Amount":6808.26000000,"Done":false},{"Time":"2019-04-01T08:33:42","Situation":"flat","Type":"bid","Price":17.37000000,"Amount":6808.26000000,"Done":false},{"Time":"2019-04-01T08:38:45","Situation":"flat","Type":"bid","Price":17.37000000,"Amount":6808.26000000,"Done":false},{"Time":"2019-04-01T08:43:46","Situation":"flat","Type":"bid","Price":17.37000000,"Amount":6808.26000000,"Done":false},{"Time":"2019-04-01T08:48:46","Situation":"flat","Type":"bid","Price":17.37000000,"Amount":7268.94000000,"Done":false},{"Time":"2019-04-01T08:53:47","Situation":"flat","Type":"bid","Price":17.37000000,"Amount":7268.94000000,"Done":false},{"Time":"2019-04-01T08:58:51","Situation":"flat","Type":"bid","Price":17.37000000,"Amount":7268.94000000,"Done":false},{"Time":"2019-04-01T09:03:51","Situation":"flat","Type":"bid","Price":17.37000000,"Amount":7268.94000000,"Done":false},{"Time":"2019-04-01T09:08:53","Situation":"flat","Type":"bid","Price":17.37000000,"Amount":7268.94000000,"Done":false},{"Time":"2019-04-01T09:13:56","Situation":"flat","Type":"bid","Price":17.37000000,"Amount":7268.94000000,"Done":false},{"Time":"2019-04-01T09:19:00","Situation":"flat","Type":"bid","Price":17.37000000,"Amount":7268.94000000,"Done":false},{"Time":"2019-04-01T09:24:00","Situation":"flat","Type":"bid","Price":17.37000000,"Amount":7268.94000000,"Done":false},{"Time":"2019-04-01T09:29:07","Situation":"flat","Type":"bid","Price":17.37000000,"Amount":7268.94000000,"Done":false},{"Time":"2019-04-01T09:34:11","Situation":"flat","Type":"bid","Price":17.37000000,"Amount":7768.94000000,"Done":false},{"Time":"2019-04-01T09:39:12","Situation":"flat","Type":"bid","Price":17.37000000,"Amount":7768.94000000,"Done":false},{"Time":"2019-04-01T09:44:12","Situation":"flat","Type":"bid","Price":17.37000000,"Amount":7768.94000000,"Done":false},{"Time":"2019-04-01T09:49:15","Situation":"flat","Type":"bid","Price":17.37000000,"Amount":7768.94000000,"Done":false},{"Time":"2019-04-01T09:54:16","Situation":"flat","Type":"bid","Price":17.37000000,"Amount":7768.94000000,"Done":false},{"Time":"2019-04-01T09:59:17","Situation":"flat","Type":"bid","Price":17.37000000,"Amount":7768.94000000,"Done":false},{"Time":"2019-04-01T10:04:20","Situation":"flat","Type":"bid","Price":17.37000000,"Amount":7768.94000000,"Done":false},{"Time":"2019-04-01T10:09:22","Situation":"flat","Type":"bid","Price":17.37000000,"Amount":7768.94000000,"Done":false},{"Time":"2019-04-01T10:14:26","Situation":"flat","Type":"bid","Price":17.37000000,"Amount":9402.23000000,"Done":false},{"Time":"2019-04-01T10:19:26","Situation":"flat","Type":"bid","Price":17.37000000,"Amount":9402.23000000,"Done":false},{"Time":"2019-04-01T10:24:30","Situation":"flat","Type":"bid","Price":17.37000000,"Amount":9402.23000000,"Done":false},{"Time":"2019-04-01T10:29:32","Situation":"flat","Type":"bid","Price":17.37000000,"Amount":9402.23000000,"Done":false},{"Time":"2019-04-01T10:34:35","Situation":"flat","Type":"bid","Price":17.37000000,"Amount":9402.23000000,"Done":false},{"Time":"2019-04-01T10:39:36","Situation":"flat","Type":"bid","Price":17.37000000,"Amount":9402.23000000,"Done":false},{"Time":"2019-04-01T10:44:40","Situation":"flat","Type":"bid","Price":17.37000000,"Amount":9402.23000000,"Done":false},{"Time":"2019-04-01T10:49:42","Situation":"flat","Type":"bid","Price":17.37000000,"Amount":8832.82000000,"Done":false},{"Time":"2019-04-01T10:54:45","Situation":"flat","Type":"bid","Price":17.37000000,"Amount":8832.82000000,"Done":false},{"Time":"2019-04-01T10:58:31","Situation":"trend","Type":"bid","Price":17.37000000,"Amount":8832.82000000,"Done":false},{"Time":"2019-04-02T05:08:21","Situation":"trend","Type":"bid","Price":17.88000000,"Amount":12592.30000000,"Done":false},{"Time":"2019-04-02T05:15:10","Situation":"trend","Type":"bid","Price":17.88000000,"Amount":12592.30000000,"Done":false},{"Time":"2019-04-02T05:17:50","Situation":"trend","Type":"bid","Price":17.88000000,"Amount":12602.32000000,"Done":false},{"Time":"2019-04-02T05:23:45","Situation":"trend","Type":"bid","Price":17.99000000,"Amount":11247.30000000,"Done":false},{"Time":"2019-04-02T05:44:15","Situation":"trend","Type":"bid","Price":18.15000000,"Amount":13320.19000000,"Done":false},{"Time":"2019-04-02T05:54:53","Situation":"trend","Type":"bid","Price":18.15000000,"Amount":12685.13000000,"Done":false},{"Time":"2019-04-02T08:09:45","Situation":"trend","Type":"bid","Price":18.70000000,"Amount":13025.15000000,"Done":false},{"Time":"2019-04-02T09:43:10","Situation":"flat","Type":"bid","Price":18.83000000,"Amount":8019.61000000,"Done":false},{"Time":"2019-04-02T23:21:45","Situation":"flat","Type":"bid","Price":19.68880000,"Amount":10774.58000000,"Done":false},{"Time":"2019-04-03T00:28:55","Situation":"trend","Type":"bid","Price":19.68880000,"Amount":18992.82000000,"Done":false},{"Time":"2019-04-03T00:30:15","Situation":"trend","Type":"bid","Price":19.68880000,"Amount":18992.82000000,"Done":false},{"Time":"2019-04-03T00:32:55","Situation":"trend","Type":"bid","Price":19.91660000,"Amount":18775.59000000,"Done":false},{"Time":"2019-04-03T00:37:59","Situation":"flat","Type":"bid","Price":19.91670000,"Amount":11493.56000000,"Done":false},{"Time":"2019-04-03T00:37:59","Situation":"flat","Type":"bid","Price":19.91660000,"Amount":10781.96000000,"Done":false},{"Time":"2019-04-03T00:43:00","Situation":"flat","Type":"bid","Price":19.91670000,"Amount":9792.72000000,"Done":false},{"Time":"2019-04-03T00:43:00","Situation":"flat","Type":"bid","Price":19.91660000,"Amount":10828.69000000,"Done":false},{"Time":"2019-04-03T00:48:34","Situation":"trend","Type":"bid","Price":19.91670000,"Amount":9792.72000000,"Done":true},{"Time":"2019-04-03T00:48:34","Situation":"trend","Type":"bid","Price":19.91660000,"Amount":10828.69000000,"Done":true},{"Time":"2019-04-03T01:14:15","Situation":"trend","Type":"bid","Price":19.39980000,"Amount":98407.82000000,"Done":false},{"Time":"2019-04-03T01:40:34","Situation":"flat","Type":"bid","Price":19.47220000,"Amount":50689.22000000,"Done":false},{"Time":"2019-04-03T03:42:30","Situation":"flat","Type":"bid","Price":19.26420000,"Amount":8668.80000000,"Done":false},{"Time":"2019-04-03T03:42:40","Situation":"trend","Type":"bid","Price":19.26420000,"Amount":8668.80000000,"Done":false},{"Time":"2019-04-03T03:47:20","Situation":"trend","Type":"bid","Price":19.26420000,"Amount":8668.80000000,"Done":false},{"Time":"2019-04-03T03:48:30","Situation":"trend","Type":"bid","Price":19.26420000,"Amount":8668.80000000,"Done":false},{"Time":"2019-04-03T03:52:19","Situation":"trend","Type":"bid","Price":19.26420000,"Amount":8668.80000000,"Done":false},{"Time":"2019-04-03T03:57:20","Situation":"flat","Type":"bid","Price":19.26420000,"Amount":8668.80000000,"Done":false},{"Time":"2019-04-03T03:59:57","Situation":"trend","Type":"bid","Price":19.26420000,"Amount":8668.80000000,"Done":false},{"Time":"2019-04-03T04:03:40","Situation":"trend","Type":"bid","Price":19.26420000,"Amount":7662.66000000,"Done":false},{"Time":"2019-04-03T04:03:40","Situation":"trend","Type":"bid","Price":19.20000000,"Amount":8531.70000000,"Done":false},{"Time":"2019-04-03T04:05:55","Situation":"trend","Type":"bid","Price":19.26420000,"Amount":7662.66000000,"Done":false},{"Time":"2019-04-03T04:05:55","Situation":"trend","Type":"bid","Price":19.20000000,"Amount":8402.80000000,"Done":false},{"Time":"2019-04-03T04:09:30","Situation":"trend","Type":"bid","Price":19.20000000,"Amount":7508.57000000,"Done":false},{"Time":"2019-04-03T08:21:09","Situation":"flat","Type":"bid","Price":19.13340000,"Amount":7631.90000000,"Done":false},{"Time":"2019-04-03T12:35:24","Situation":"trend","Type":"bid","Price":19.02000000,"Amount":7689.01000000,"Done":false},{"Time":"2019-04-03T12:39:34","Situation":"trend","Type":"bid","Price":19.02000000,"Amount":7690.01000000,"Done":false},{"Time":"2019-04-03T12:44:37","Situation":"flat","Type":"bid","Price":19.02000000,"Amount":7693.01000000,"Done":false},{"Time":"2019-04-03T13:04:46","Situation":"flat","Type":"bid","Price":19.05000000,"Amount":7637.15000000,"Done":false},{"Time":"2019-04-03T19:31:18","Situation":"trend","Type":"bid","Price":19.00000000,"Amount":8378.05000000,"Done":false},{"Time":"2019-04-03T19:35:58","Situation":"trend","Type":"bid","Price":19.00000000,"Amount":8148.40000000,"Done":false},{"Time":"2019-04-03T20:39:45","Situation":"trend","Type":"bid","Price":18.90000000,"Amount":16636.17000000,"Done":false},{"Time":"2019-04-03T20:44:47","Situation":"flat","Type":"bid","Price":19.11000000,"Amount":10545.77000000,"Done":false},{"Time":"2019-04-03T20:44:57","Situation":"trend","Type":"bid","Price":19.11000000,"Amount":10546.77000000,"Done":false},{"Time":"2019-04-03T20:50:02","Situation":"flat","Type":"bid","Price":19.11000000,"Amount":7658.38000000,"Done":false},{"Time":"2019-04-03T20:55:06","Situation":"flat","Type":"bid","Price":19.11000000,"Amount":7695.89000000,"Done":false},{"Time":"2019-04-03T21:08:47","Situation":"flat","Type":"bid","Price":19.04000000,"Amount":9910.05000000,"Done":false},{"Time":"2019-04-03T21:09:47","Situation":"trend","Type":"bid","Price":19.04000000,"Amount":9910.05000000,"Done":false},{"Time":"2019-04-03T21:14:51","Situation":"flat","Type":"bid","Price":19.04000000,"Amount":9925.80000000,"Done":false},{"Time":"2019-04-03T21:19:55","Situation":"flat","Type":"bid","Price":19.04000000,"Amount":9925.80000000,"Done":false},{"Time":"2019-04-03T21:24:55","Situation":"flat","Type":"bid","Price":19.04000000,"Amount":9724.17000000,"Done":false},{"Time":"2019-04-03T21:29:57","Situation":"flat","Type":"bid","Price":19.04000000,"Amount":8871.38000000,"Done":false},{"Time":"2019-04-03T23:05:38","Situation":"trend","Type":"bid","Price":18.00000000,"Amount":13283.77000000,"Done":false},{"Time":"2019-04-03T23:07:54","Situation":"trend","Type":"bid","Price":18.00000000,"Amount":11092.52000000,"Done":false},{"Time":"2019-04-03T23:10:39","Situation":"trend","Type":"bid","Price":18.00000000,"Amount":11521.34000000,"Done":false},{"Time":"2019-04-03T23:11:34","Situation":"trend","Type":"bid","Price":18.00000000,"Amount":11601.57000000,"Done":false},{"Time":"2019-04-03T23:17:45","Situation":"trend","Type":"bid","Price":18.00000000,"Amount":12034.95000000,"Done":false},{"Time":"2019-04-03T23:18:06","Situation":"trend","Type":"bid","Price":18.00000000,"Amount":12051.73000000,"Done":false},{"Time":"2019-04-03T23:18:36","Situation":"trend","Type":"bid","Price":18.00000000,"Amount":12054.59000000,"Done":false},{"Time":"2019-04-04T01:39:30","Situation":"trend","Type":"bid","Price":18.84000000,"Amount":9530.20000000,"Done":false},{"Time":"2019-04-04T13:34:09","Situation":"flat","Type":"bid","Price":18.70000000,"Amount":7031.53000000,"Done":false},{"Time":"2019-04-04T13:39:09","Situation":"flat","Type":"bid","Price":18.70000000,"Amount":7233.42000000,"Done":false},{"Time":"2019-04-04T13:43:09","Situation":"trend","Type":"bid","Price":18.70000000,"Amount":7031.53000000,"Done":true},{"Time":"2019-04-04T13:44:05","Situation":"trend","Type":"bid","Price":18.70000000,"Amount":7233.42000000,"Done":true},{"Time":"2019-04-04T14:06:28","Situation":"trend","Type":"bid","Price":18.70000000,"Amount":7016.42000000,"Done":false},{"Time":"2019-04-04T15:09:25","Situation":"flat","Type":"bid","Price":18.74180000,"Amount":7883.96000000,"Done":false},{"Time":"2019-04-04T19:18:19","Situation":"flat","Type":"bid","Price":18.71630000,"Amount":10376.40000000,"Done":false},{"Time":"2019-04-04T19:23:19","Situation":"flat","Type":"bid","Price":18.74310000,"Amount":7708.49000000,"Done":false},{"Time":"2019-04-04T19:26:14","Situation":"trend","Type":"bid","Price":18.71630000,"Amount":10376.40000000,"Done":true},{"Time":"2019-04-04T21:56:09","Situation":"flat","Type":"bid","Price":19.10000000,"Amount":10849.37000000,"Done":false},{"Time":"2019-04-04T23:35:45","Situation":"trend","Type":"bid","Price":19.10000000,"Amount":14913.99000000,"Done":false},{"Time":"2019-04-04T23:40:47","Situation":"flat","Type":"bid","Price":19.10000000,"Amount":12831.18000000,"Done":false},{"Time":"2019-04-04T23:45:48","Situation":"flat","Type":"bid","Price":19.10000000,"Amount":9659.83000000,"Done":false},{"Time":"2019-04-04T23:46:54","Situation":"trend","Type":"bid","Price":19.10000000,"Amount":9659.83000000,"Done":false},{"Time":"2019-04-04T23:51:55","Situation":"flat","Type":"bid","Price":19.10000000,"Amount":11764.65000000,"Done":false},{"Time":"2019-04-04T23:52:30","Situation":"trend","Type":"bid","Price":19.10000000,"Amount":11764.65000000,"Done":false},{"Time":"2019-04-04T23:54:10","Situation":"trend","Type":"bid","Price":19.10000000,"Amount":11764.65000000,"Done":true},{"Time":"2019-04-05T00:06:49","Situation":"trend","Type":"bid","Price":18.95000000,"Amount":9498.41000000,"Done":false},{"Time":"2019-04-05T00:11:49","Situation":"flat","Type":"bid","Price":18.96360000,"Amount":10459.24000000,"Done":false},{"Time":"2019-04-05T00:11:49","Situation":"flat","Type":"bid","Price":18.95000000,"Amount":9498.41000000,"Done":false},{"Time":"2019-04-05T00:11:54","Situation":"trend","Type":"bid","Price":18.95000000,"Amount":9498.41000000,"Done":false},{"Time":"2019-04-05T00:16:44","Situation":"trend","Type":"bid","Price":18.95000000,"Amount":9498.41000000,"Done":false},{"Time":"2019-04-05T00:16:44","Situation":"trend","Type":"bid","Price":18.96360000,"Amount":10459.24000000,"Done":true},{"Time":"2019-04-05T00:22:32","Situation":"trend","Type":"bid","Price":18.95000000,"Amount":9498.41000000,"Done":false},{"Time":"2019-04-05T00:37:39","Situation":"flat","Type":"bid","Price":19.07380000,"Amount":9635.98000000,"Done":false},{"Time":"2019-04-05T00:40:14","Situation":"trend","Type":"bid","Price":19.07380000,"Amount":9645.98000000,"Done":false},{"Time":"2019-04-05T00:45:14","Situation":"flat","Type":"bid","Price":19.07380000,"Amount":9645.98000000,"Done":false},{"Time":"2019-04-05T00:50:15","Situation":"flat","Type":"bid","Price":19.07380000,"Amount":9635.98000000,"Done":false},{"Time":"2019-04-05T01:00:19","Situation":"flat","Type":"bid","Price":18.95000000,"Amount":9501.87000000,"Done":false},{"Time":"2019-04-05T01:00:29","Situation":"trend","Type":"bid","Price":18.95000000,"Amount":9501.87000000,"Done":false},{"Time":"2019-04-05T01:20:29","Situation":"flat","Type":"bid","Price":19.08000000,"Amount":10109.63000000,"Done":false},{"Time":"2019-04-05T11:07:00","Situation":"flat","Type":"bid","Price":19.00000000,"Amount":16978.06000000,"Done":false},{"Time":"2019-04-05T15:21:59","Situation":"flat","Type":"bid","Price":19.14400000,"Amount":10650.76000000,"Done":false},{"Time":"2019-04-05T15:27:03","Situation":"flat","Type":"bid","Price":19.14400000,"Amount":10650.76000000,"Done":false},{"Time":"2019-04-05T15:32:05","Situation":"flat","Type":"bid","Price":19.14400000,"Amount":10650.76000000,"Done":false},{"Time":"2019-04-05T15:36:00","Situation":"trend","Type":"bid","Price":19.14400000,"Amount":10650.76000000,"Done":false},{"Time":"2019-04-05T15:38:01","Situation":"trend","Type":"bid","Price":19.14400000,"Amount":10650.76000000,"Done":true},{"Time":"2019-04-06T10:39:59","Situation":"flat","Type":"bid","Price":19.15000000,"Amount":10015.83000000,"Done":false},{"Time":"2019-04-06T10:45:00","Situation":"flat","Type":"bid","Price":19.15000000,"Amount":10015.83000000,"Done":false},{"Time":"2019-04-06T10:50:00","Situation":"flat","Type":"bid","Price":19.15000000,"Amount":10028.61000000,"Done":false},{"Time":"2019-04-06T12:26:54","Situation":"flat","Type":"bid","Price":19.13000000,"Amount":10000.00000000,"Done":false},{"Time":"2019-04-06T12:31:55","Situation":"flat","Type":"bid","Price":19.13000000,"Amount":10010.00000000,"Done":false},{"Time":"2019-04-06T12:36:59","Situation":"flat","Type":"bid","Price":19.13000000,"Amount":10010.00000000,"Done":false},{"Time":"2019-04-06T12:41:59","Situation":"flat","Type":"bid","Price":19.13000000,"Amount":10020.45000000,"Done":false},{"Time":"2019-04-06T12:46:59","Situation":"flat","Type":"bid","Price":19.13000000,"Amount":10010.00000000,"Done":false},{"Time":"2019-04-06T12:52:00","Situation":"flat","Type":"bid","Price":19.13000000,"Amount":10020.45000000,"Done":false},{"Time":"2019-04-06T12:57:00","Situation":"flat","Type":"bid","Price":19.13000000,"Amount":9881.21000000,"Done":false},{"Time":"2019-04-06T13:02:00","Situation":"flat","Type":"bid","Price":19.13000000,"Amount":10316.47000000,"Done":false},{"Time":"2019-04-06T13:07:00","Situation":"flat","Type":"bid","Price":19.13000000,"Amount":10316.47000000,"Done":false},{"Time":"2019-04-06T13:12:00","Situation":"flat","Type":"bid","Price":19.13000000,"Amount":10316.47000000,"Done":false},{"Time":"2019-04-06T13:17:04","Situation":"flat","Type":"bid","Price":19.13000000,"Amount":10316.47000000,"Done":false},{"Time":"2019-04-06T13:22:07","Situation":"flat","Type":"bid","Price":19.13000000,"Amount":10316.47000000,"Done":false},{"Time":"2019-04-06T13:27:09","Situation":"flat","Type":"bid","Price":19.13000000,"Amount":10416.47000000,"Done":false},{"Time":"2019-04-06T13:32:12","Situation":"flat","Type":"bid","Price":19.13000000,"Amount":10416.47000000,"Done":false},{"Time":"2019-04-06T16:27:15","Situation":"trend","Type":"bid","Price":19.00000000,"Amount":13111.13000000,"Done":false},{"Time":"2019-04-06T16:32:16","Situation":"flat","Type":"bid","Price":19.00000000,"Amount":10145.59000000,"Done":false},{"Time":"2019-04-06T16:33:02","Situation":"trend","Type":"bid","Price":19.00000000,"Amount":9727.71000000,"Done":false},{"Time":"2019-04-06T16:34:48","Situation":"trend","Type":"bid","Price":19.00000000,"Amount":9908.90000000,"Done":false},{"Time":"2019-04-06T16:37:49","Situation":"trend","Type":"bid","Price":19.00000000,"Amount":10105.77000000,"Done":false},{"Time":"2019-04-06T16:38:54","Situation":"trend","Type":"bid","Price":19.00000000,"Amount":10231.64000000,"Done":false},{"Time":"2019-04-06T16:43:54","Situation":"flat","Type":"bid","Price":19.00000000,"Amount":8285.36000000,"Done":false},{"Time":"2019-04-06T16:45:44","Situation":"trend","Type":"bid","Price":19.00000000,"Amount":8439.68000000,"Done":false},{"Time":"2019-04-06T16:50:44","Situation":"flat","Type":"bid","Price":19.00000000,"Amount":8728.19000000,"Done":false},{"Time":"2019-04-06T16:55:44","Situation":"flat","Type":"bid","Price":19.00000000,"Amount":8929.27000000,"Done":false},{"Time":"2019-04-06T17:00:44","Situation":"flat","Type":"bid","Price":19.00000000,"Amount":9155.46000000,"Done":false},{"Time":"2019-04-06T17:05:44","Situation":"flat","Type":"bid","Price":19.00000000,"Amount":9128.10000000,"Done":false},{"Time":"2019-04-06T17:07:04","Situation":"trend","Type":"bid","Price":19.00000000,"Amount":9170.86000000,"Done":false},{"Time":"2019-04-06T17:17:09","Situation":"flat","Type":"bid","Price":19.00000000,"Amount":7649.67000000,"Done":false},{"Time":"2019-04-06T17:18:24","Situation":"trend","Type":"bid","Price":19.00000000,"Amount":7649.67000000,"Done":false},{"Time":"2019-04-06T17:38:30","Situation":"flat","Type":"bid","Price":19.00000000,"Amount":6797.14000000,"Done":false},{"Time":"2019-04-06T17:43:30","Situation":"flat","Type":"bid","Price":19.00000000,"Amount":6789.48000000,"Done":false},{"Time":"2019-04-06T17:48:34","Situation":"flat","Type":"bid","Price":19.00000000,"Amount":7539.52000000,"Done":false},{"Time":"2019-04-06T17:53:37","Situation":"flat","Type":"bid","Price":19.00000000,"Amount":7604.47000000,"Done":false},{"Time":"2019-04-06T17:58:38","Situation":"flat","Type":"bid","Price":19.00000000,"Amount":7500.65000000,"Done":false},{"Time":"2019-04-06T18:03:41","Situation":"flat","Type":"bid","Price":19.00000000,"Amount":7545.48000000,"Done":false},{"Time":"2019-04-06T18:08:41","Situation":"flat","Type":"bid","Price":19.00000000,"Amount":7596.12000000,"Done":false},{"Time":"2019-04-06T20:44:24","Situation":"flat","Type":"bid","Price":19.00000000,"Amount":8399.88000000,"Done":false},{"Time":"2019-04-06T20:54:29","Situation":"flat","Type":"bid","Price":19.00000000,"Amount":8368.54000000,"Done":false},{"Time":"2019-04-06T20:59:32","Situation":"flat","Type":"bid","Price":19.00000000,"Amount":8157.86000000,"Done":false},{"Time":"2019-04-06T21:04:34","Situation":"flat","Type":"bid","Price":19.00000000,"Amount":6756.73000000,"Done":false},{"Time":"2019-04-06T21:07:49","Situation":"trend","Type":"bid","Price":18.82000000,"Amount":26592.79000000,"Done":false},{"Time":"2019-04-06T21:07:49","Situation":"trend","Type":"bid","Price":18.80000000,"Amount":17717.64000000,"Done":false},{"Time":"2019-04-06T21:07:49","Situation":"trend","Type":"bid","Price":19.00000000,"Amount":6756.73000000,"Done":true},{"Time":"2019-04-06T21:09:04","Situation":"trend","Type":"bid","Price":18.82000000,"Amount":24964.01000000,"Done":false},{"Time":"2019-04-06T21:09:04","Situation":"trend","Type":"bid","Price":18.80000000,"Amount":17738.62000000,"Done":false},{"Time":"2019-04-06T21:09:04","Situation":"trend","Type":"bid","Price":19.00000000,"Amount":6756.73000000,"Done":true},{"Time":"2019-04-06T21:14:08","Situation":"flat","Type":"bid","Price":18.82000000,"Amount":24964.01000000,"Done":false},{"Time":"2019-04-06T21:14:08","Situation":"flat","Type":"bid","Price":18.80000000,"Amount":17689.50000000,"Done":false},{"Time":"2019-04-06T21:17:54","Situation":"trend","Type":"bid","Price":18.82000000,"Amount":25195.10000000,"Done":false},{"Time":"2019-04-06T21:17:54","Situation":"trend","Type":"bid","Price":18.80000000,"Amount":17669.50000000,"Done":false},{"Time":"2019-04-06T21:22:55","Situation":"flat","Type":"bid","Price":18.82000000,"Amount":24328.18000000,"Done":false},{"Time":"2019-04-06T21:22:55","Situation":"flat","Type":"bid","Price":18.80000000,"Amount":17780.27000000,"Done":false},{"Time":"2019-04-06T21:27:59","Situation":"flat","Type":"bid","Price":18.82000000,"Amount":24372.11000000,"Done":false},{"Time":"2019-04-06T21:27:59","Situation":"flat","Type":"bid","Price":18.80000000,"Amount":17707.98000000,"Done":false},{"Time":"2019-04-06T21:32:59","Situation":"flat","Type":"bid","Price":18.82000000,"Amount":24333.18000000,"Done":false},{"Time":"2019-04-06T21:32:59","Situation":"flat","Type":"bid","Price":18.80000000,"Amount":17717.41000000,"Done":false},{"Time":"2019-04-06T21:37:02","Situation":"trend","Type":"bid","Price":18.82000000,"Amount":24333.18000000,"Done":false},{"Time":"2019-04-06T21:37:02","Situation":"trend","Type":"bid","Price":18.80000000,"Amount":17753.26000000,"Done":false},{"Time":"2019-04-06T21:42:05","Situation":"flat","Type":"bid","Price":18.82000000,"Amount":24217.05000000,"Done":false},{"Time":"2019-04-06T21:42:05","Situation":"flat","Type":"bid","Price":18.80000000,"Amount":17690.35000000,"Done":false},{"Time":"2019-04-06T21:47:09","Situation":"flat","Type":"bid","Price":18.82000000,"Amount":24217.05000000,"Done":false},{"Time":"2019-04-06T21:47:09","Situation":"flat","Type":"bid","Price":18.80000000,"Amount":17690.35000000,"Done":false},{"Time":"2019-04-06T21:52:11","Situation":"flat","Type":"bid","Price":18.82000000,"Amount":24220.05000000,"Done":false},{"Time":"2019-04-06T21:52:11","Situation":"flat","Type":"bid","Price":18.80000000,"Amount":17440.41000000,"Done":false},{"Time":"2019-04-06T21:57:13","Situation":"flat","Type":"bid","Price":18.82000000,"Amount":24220.05000000,"Done":false},{"Time":"2019-04-06T22:02:15","Situation":"flat","Type":"bid","Price":18.82000000,"Amount":24220.05000000,"Done":false},{"Time":"2019-04-07T00:58:14","Situation":"flat","Type":"bid","Price":18.97000000,"Amount":16203.54000000,"Done":false},{"Time":"2019-04-07T01:03:14","Situation":"flat","Type":"bid","Price":18.97000000,"Amount":16203.54000000,"Done":false},{"Time":"2019-04-07T01:08:18","Situation":"flat","Type":"bid","Price":18.97000000,"Amount":16204.07000000,"Done":false},{"Time":"2019-04-07T02:03:30","Situation":"flat","Type":"bid","Price":19.00970000,"Amount":10434.00000000,"Done":false},{"Time":"2019-04-07T02:08:34","Situation":"flat","Type":"bid","Price":19.00970000,"Amount":10444.00000000,"Done":false},{"Time":"2019-04-07T02:13:35","Situation":"flat","Type":"bid","Price":19.00970000,"Amount":10444.00000000,"Done":false},{"Time":"2019-04-07T02:18:35","Situation":"flat","Type":"bid","Price":19.00970000,"Amount":10502.08000000,"Done":false},{"Time":"2019-04-07T02:23:35","Situation":"flat","Type":"bid","Price":19.00970000,"Amount":10502.08000000,"Done":false},{"Time":"2019-04-07T02:28:37","Situation":"flat","Type":"bid","Price":19.00970000,"Amount":10502.08000000,"Done":false},{"Time":"2019-04-07T02:33:40","Situation":"flat","Type":"bid","Price":19.00970000,"Amount":10502.08000000,"Done":false},{"Time":"2019-04-07T02:38:40","Situation":"flat","Type":"bid","Price":19.00970000,"Amount":10502.08000000,"Done":false},{"Time":"2019-04-07T02:43:44","Situation":"flat","Type":"bid","Price":19.00970000,"Amount":10502.08000000,"Done":false},{"Time":"2019-04-07T02:48:45","Situation":"flat","Type":"bid","Price":19.00970000,"Amount":10477.79000000,"Done":false},{"Time":"2019-04-07T14:04:12","Situation":"flat","Type":"bid","Price":19.00000000,"Amount":7183.20000000,"Done":false},{"Time":"2019-04-07T14:54:27","Situation":"flat","Type":"bid","Price":18.94000000,"Amount":8868.03000000,"Done":false},{"Time":"2019-04-07T14:59:28","Situation":"flat","Type":"bid","Price":18.94000000,"Amount":8868.03000000,"Done":false},{"Time":"2019-04-07T15:04:31","Situation":"flat","Type":"bid","Price":18.94000000,"Amount":8869.99000000,"Done":false},{"Time":"2019-04-07T15:09:33","Situation":"flat","Type":"bid","Price":18.94000000,"Amount":8869.99000000,"Done":false},{"Time":"2019-04-07T15:14:35","Situation":"flat","Type":"bid","Price":18.94000000,"Amount":8869.99000000,"Done":false},{"Time":"2019-04-07T15:19:36","Situation":"flat","Type":"bid","Price":18.94000000,"Amount":8869.99000000,"Done":false},{"Time":"2019-04-07T16:08:49","Situation":"trend","Type":"bid","Price":18.82000000,"Amount":24904.46000000,"Done":false},{"Time":"2019-04-07T16:08:49","Situation":"trend","Type":"bid","Price":18.80000000,"Amount":14160.02000000,"Done":false},{"Time":"2019-04-07T16:10:32","Situation":"trend","Type":"bid","Price":18.82000000,"Amount":24904.46000000,"Done":false},{"Time":"2019-04-07T16:15:36","Situation":"flat","Type":"bid","Price":18.82000000,"Amount":24904.46000000,"Done":false},{"Time":"2019-04-07T16:15:36","Situation":"flat","Type":"bid","Price":18.80000000,"Amount":14268.18000000,"Done":false},{"Time":"2019-04-07T16:20:38","Situation":"flat","Type":"bid","Price":18.82000000,"Amount":24931.90000000,"Done":false},{"Time":"2019-04-07T16:20:38","Situation":"flat","Type":"bid","Price":18.80000000,"Amount":14439.37000000,"Done":false},{"Time":"2019-04-07T16:20:43","Situation":"trend","Type":"bid","Price":18.82000000,"Amount":24931.90000000,"Done":false},{"Time":"2019-04-07T16:20:43","Situation":"trend","Type":"bid","Price":18.80000000,"Amount":14439.37000000,"Done":false},{"Time":"2019-04-07T16:25:46","Situation":"flat","Type":"bid","Price":18.82000000,"Amount":24932.11000000,"Done":false},{"Time":"2019-04-07T16:25:46","Situation":"flat","Type":"bid","Price":18.80000000,"Amount":14361.14000000,"Done":false},{"Time":"2019-04-07T16:30:49","Situation":"flat","Type":"bid","Price":18.82000000,"Amount":24928.90000000,"Done":false},{"Time":"2019-04-07T16:30:49","Situation":"flat","Type":"bid","Price":18.80000000,"Amount":14356.87000000,"Done":false},{"Time":"2019-04-07T16:35:51","Situation":"flat","Type":"bid","Price":18.82000000,"Amount":24928.90000000,"Done":false},{"Time":"2019-04-07T16:35:51","Situation":"flat","Type":"bid","Price":18.80000000,"Amount":14334.97000000,"Done":false},{"Time":"2019-04-07T16:40:55","Situation":"flat","Type":"bid","Price":18.82000000,"Amount":24958.90000000,"Done":false},{"Time":"2019-04-07T16:40:55","Situation":"flat","Type":"bid","Price":18.80000000,"Amount":14324.33000000,"Done":false},{"Time":"2019-04-07T16:45:56","Situation":"flat","Type":"bid","Price":18.80670000,"Amount":10732.58000000,"Done":false},{"Time":"2019-04-07T16:51:00","Situation":"flat","Type":"bid","Price":18.82000000,"Amount":10793.40000000,"Done":false},{"Time":"2019-04-07T16:56:00","Situation":"flat","Type":"bid","Price":18.82000000,"Amount":10793.40000000,"Done":false},{"Time":"2019-04-07T17:01:04","Situation":"flat","Type":"bid","Price":18.82000000,"Amount":10725.00000000,"Done":false},{"Time":"2019-04-07T17:06:04","Situation":"flat","Type":"bid","Price":18.82000000,"Amount":8571.99000000,"Done":false},{"Time":"2019-04-07T17:11:05","Situation":"flat","Type":"bid","Price":18.82000000,"Amount":8571.99000000,"Done":false},{"Time":"2019-04-07T17:16:09","Situation":"flat","Type":"bid","Price":18.82000000,"Amount":8571.99000000,"Done":false},{"Time":"2019-04-07T17:21:09","Situation":"flat","Type":"bid","Price":18.82000000,"Amount":8571.99000000,"Done":false},{"Time":"2019-04-07T17:26:12","Situation":"flat","Type":"bid","Price":18.89890000,"Amount":18057.21000000,"Done":false},{"Time":"2019-04-07T17:26:12","Situation":"flat","Type":"bid","Price":18.82000000,"Amount":8575.24000000,"Done":false},{"Time":"2019-04-07T17:31:12","Situation":"flat","Type":"bid","Price":18.89890000,"Amount":18057.21000000,"Done":false},{"Time":"2019-04-07T17:31:12","Situation":"flat","Type":"bid","Price":18.82000000,"Amount":8575.24000000,"Done":false},{"Time":"2019-04-07T17:36:14","Situation":"flat","Type":"bid","Price":18.89890000,"Amount":18057.21000000,"Done":false},{"Time":"2019-04-07T17:36:14","Situation":"flat","Type":"bid","Price":18.82000000,"Amount":8575.24000000,"Done":false},{"Time":"2019-04-07T17:41:14","Situation":"flat","Type":"bid","Price":18.89890000,"Amount":18057.21000000,"Done":false},{"Time":"2019-04-07T17:41:14","Situation":"flat","Type":"bid","Price":18.82000000,"Amount":8575.24000000,"Done":false},{"Time":"2019-04-07T17:46:15","Situation":"flat","Type":"bid","Price":18.89890000,"Amount":18057.21000000,"Done":false},{"Time":"2019-04-07T17:46:15","Situation":"flat","Type":"bid","Price":18.82000000,"Amount":8575.24000000,"Done":false},{"Time":"2019-04-07T17:51:16","Situation":"flat","Type":"bid","Price":18.89890000,"Amount":18057.21000000,"Done":false},{"Time":"2019-04-07T17:51:16","Situation":"flat","Type":"bid","Price":18.82000000,"Amount":8575.24000000,"Done":false},{"Time":"2019-04-07T17:56:16","Situation":"flat","Type":"bid","Price":18.89890000,"Amount":18057.21000000,"Done":false},{"Time":"2019-04-07T17:56:16","Situation":"flat","Type":"bid","Price":18.82000000,"Amount":8575.24000000,"Done":false},{"Time":"2019-04-07T18:01:19","Situation":"flat","Type":"bid","Price":18.89890000,"Amount":18057.21000000,"Done":false},{"Time":"2019-04-07T18:01:19","Situation":"flat","Type":"bid","Price":18.82000000,"Amount":8575.24000000,"Done":false},{"Time":"2019-04-07T18:06:21","Situation":"flat","Type":"bid","Price":18.89890000,"Amount":18075.04000000,"Done":false},{"Time":"2019-04-07T18:11:21","Situation":"flat","Type":"bid","Price":18.89890000,"Amount":18075.04000000,"Done":false},{"Time":"2019-04-07T18:11:21","Situation":"flat","Type":"bid","Price":18.80000000,"Amount":11287.04000000,"Done":false},{"Time":"2019-04-07T18:16:25","Situation":"flat","Type":"bid","Price":18.89890000,"Amount":18075.04000000,"Done":false},{"Time":"2019-04-07T18:16:25","Situation":"flat","Type":"bid","Price":18.80000000,"Amount":11287.04000000,"Done":false},{"Time":"2019-04-07T18:21:26","Situation":"flat","Type":"bid","Price":18.89890000,"Amount":18075.04000000,"Done":false},{"Time":"2019-04-07T18:21:26","Situation":"flat","Type":"bid","Price":18.80000000,"Amount":11212.22000000,"Done":false},{"Time":"2019-04-07T18:26:30","Situation":"flat","Type":"bid","Price":18.89890000,"Amount":18075.04000000,"Done":false},{"Time":"2019-04-07T18:26:30","Situation":"flat","Type":"bid","Price":18.80000000,"Amount":11212.22000000,"Done":false},{"Time":"2019-04-07T18:31:32","Situation":"flat","Type":"bid","Price":18.89890000,"Amount":18075.04000000,"Done":false},{"Time":"2019-04-07T18:36:35","Situation":"flat","Type":"bid","Price":18.89890000,"Amount":18075.04000000,"Done":false},{"Time":"2019-04-07T18:36:35","Situation":"flat","Type":"bid","Price":18.80000000,"Amount":11265.29000000,"Done":false},{"Time":"2019-04-07T18:41:36","Situation":"flat","Type":"bid","Price":18.89890000,"Amount":18075.04000000,"Done":false},{"Time":"2019-04-07T18:41:36","Situation":"flat","Type":"bid","Price":18.80000000,"Amount":9123.54000000,"Done":false},{"Time":"2019-04-07T18:46:36","Situation":"flat","Type":"bid","Price":18.89890000,"Amount":18075.04000000,"Done":false},{"Time":"2019-04-07T18:51:36","Situation":"flat","Type":"bid","Price":18.89890000,"Amount":18075.04000000,"Done":false},{"Time":"2019-04-07T18:56:40","Situation":"flat","Type":"bid","Price":18.89890000,"Amount":18075.04000000,"Done":false},{"Time":"2019-04-07T19:01:41","Situation":"flat","Type":"bid","Price":18.89890000,"Amount":18075.04000000,"Done":false},{"Time":"2019-04-07T19:06:45","Situation":"flat","Type":"bid","Price":18.89890000,"Amount":18075.04000000,"Done":false},{"Time":"2019-04-07T19:11:45","Situation":"flat","Type":"bid","Price":18.89890000,"Amount":20130.45000000,"Done":false},{"Time":"2019-04-07T19:16:49","Situation":"flat","Type":"bid","Price":18.89890000,"Amount":20130.45000000,"Done":false},{"Time":"2019-04-07T19:21:51","Situation":"flat","Type":"bid","Price":18.89890000,"Amount":20130.45000000,"Done":false},{"Time":"2019-04-07T19:26:54","Situation":"flat","Type":"bid","Price":18.89890000,"Amount":20130.45000000,"Done":false},{"Time":"2019-04-07T19:31:56","Situation":"flat","Type":"bid","Price":18.89890000,"Amount":20113.62000000,"Done":false},{"Time":"2019-04-07T19:37:00","Situation":"flat","Type":"bid","Price":18.89890000,"Amount":20113.62000000,"Done":false},{"Time":"2019-04-07T19:42:05","Situation":"flat","Type":"bid","Price":18.89890000,"Amount":20113.62000000,"Done":false},{"Time":"2019-04-07T19:47:07","Situation":"flat","Type":"bid","Price":18.89890000,"Amount":20113.62000000,"Done":false},{"Time":"2019-04-07T19:52:10","Situation":"flat","Type":"bid","Price":18.89890000,"Amount":20113.62000000,"Done":false},{"Time":"2019-04-07T19:57:11","Situation":"flat","Type":"bid","Price":18.89890000,"Amount":20113.62000000,"Done":false},{"Time":"2019-04-07T20:02:15","Situation":"flat","Type":"bid","Price":18.89890000,"Amount":20113.62000000,"Done":false},{"Time":"2019-04-07T20:04:24","Situation":"trend","Type":"bid","Price":18.89890000,"Amount":20113.62000000,"Done":false},{"Time":"2019-04-07T20:09:26","Situation":"flat","Type":"bid","Price":18.89890000,"Amount":20113.62000000,"Done":false},{"Time":"2019-04-07T20:14:26","Situation":"flat","Type":"bid","Price":18.89890000,"Amount":20113.62000000,"Done":false},{"Time":"2019-04-07T20:19:27","Situation":"flat","Type":"bid","Price":18.89890000,"Amount":20113.62000000,"Done":false},{"Time":"2019-04-07T20:19:47","Situation":"trend","Type":"bid","Price":18.89890000,"Amount":20113.62000000,"Done":false},{"Time":"2019-04-07T20:24:50","Situation":"flat","Type":"bid","Price":18.89890000,"Amount":20113.62000000,"Done":false},{"Time":"2019-04-07T20:29:53","Situation":"flat","Type":"bid","Price":18.89890000,"Amount":20113.62000000,"Done":false},{"Time":"2019-04-07T20:34:55","Situation":"flat","Type":"bid","Price":18.89890000,"Amount":20113.62000000,"Done":false},{"Time":"2019-04-07T20:37:05","Situation":"trend","Type":"bid","Price":18.89890000,"Amount":20113.62000000,"Done":false},{"Time":"2019-04-07T20:37:05","Situation":"trend","Type":"bid","Price":18.80000000,"Amount":11773.27000000,"Done":false},{"Time":"2019-04-07T20:42:07","Situation":"flat","Type":"bid","Price":18.89890000,"Amount":18416.69000000,"Done":false},{"Time":"2019-04-07T20:47:10","Situation":"flat","Type":"bid","Price":18.89890000,"Amount":18416.69000000,"Done":false},{"Time":"2019-04-07T20:52:11","Situation":"flat","Type":"bid","Price":18.89890000,"Amount":16361.28000000,"Done":false},{"Time":"2019-04-07T20:57:15","Situation":"flat","Type":"bid","Price":18.89890000,"Amount":16361.28000000,"Done":false},{"Time":"2019-04-07T21:02:17","Situation":"flat","Type":"bid","Price":18.89890000,"Amount":16361.28000000,"Done":false},{"Time":"2019-04-07T21:07:20","Situation":"flat","Type":"bid","Price":18.89890000,"Amount":16361.28000000,"Done":false},{"Time":"2019-04-07T21:12:24","Situation":"flat","Type":"bid","Price":18.89890000,"Amount":16361.28000000,"Done":false},{"Time":"2019-04-07T21:17:27","Situation":"flat","Type":"bid","Price":18.89890000,"Amount":16361.28000000,"Done":false},{"Time":"2019-04-07T21:22:31","Situation":"flat","Type":"bid","Price":18.89890000,"Amount":16361.28000000,"Done":false},{"Time":"2019-04-07T21:27:32","Situation":"flat","Type":"bid","Price":18.89890000,"Amount":16361.28000000,"Done":false},{"Time":"2019-04-07T21:32:33","Situation":"flat","Type":"bid","Price":18.89890000,"Amount":16361.28000000,"Done":false},{"Time":"2019-04-07T21:37:35","Situation":"flat","Type":"bid","Price":18.89890000,"Amount":16361.28000000,"Done":false},{"Time":"2019-04-07T21:42:35","Situation":"flat","Type":"bid","Price":18.89890000,"Amount":16429.66000000,"Done":false},{"Time":"2019-04-07T21:47:38","Situation":"flat","Type":"bid","Price":18.89890000,"Amount":16429.66000000,"Done":false},{"Time":"2019-04-07T21:52:41","Situation":"flat","Type":"bid","Price":18.89890000,"Amount":15913.56000000,"Done":false},{"Time":"2019-04-07T21:52:41","Situation":"flat","Type":"bid","Price":18.80000000,"Amount":9438.83000000,"Done":false},{"Time":"2019-04-07T21:57:45","Situation":"flat","Type":"bid","Price":18.89890000,"Amount":15913.56000000,"Done":false},{"Time":"2019-04-07T22:02:46","Situation":"flat","Type":"bid","Price":18.89890000,"Amount":15913.56000000,"Done":false},{"Time":"2019-04-07T22:07:46","Situation":"flat","Type":"bid","Price":18.89890000,"Amount":15913.56000000,"Done":false},{"Time":"2019-04-07T22:12:49","Situation":"flat","Type":"bid","Price":18.89890000,"Amount":15913.56000000,"Done":false},{"Time":"2019-04-07T22:17:49","Situation":"flat","Type":"bid","Price":18.89890000,"Amount":15913.56000000,"Done":false},{"Time":"2019-04-07T22:22:49","Situation":"flat","Type":"bid","Price":18.89890000,"Amount":15913.56000000,"Done":false},{"Time":"2019-04-07T22:27:53","Situation":"flat","Type":"bid","Price":18.89890000,"Amount":15862.01000000,"Done":false},{"Time":"2019-04-07T22:32:56","Situation":"flat","Type":"bid","Price":18.89890000,"Amount":15930.39000000,"Done":false},{"Time":"2019-04-07T22:37:59","Situation":"flat","Type":"bid","Price":18.89890000,"Amount":15862.01000000,"Done":false},{"Time":"2019-04-07T22:43:04","Situation":"flat","Type":"bid","Price":18.89890000,"Amount":15862.01000000,"Done":false},{"Time":"2019-04-07T22:48:07","Situation":"flat","Type":"bid","Price":18.89890000,"Amount":15862.01000000,"Done":false},{"Time":"2019-04-07T22:48:47","Situation":"trend","Type":"bid","Price":18.89890000,"Amount":15862.01000000,"Done":false},{"Time":"2019-04-07T22:53:04","Situation":"trend","Type":"bid","Price":18.89890000,"Amount":9743.52000000,"Done":false},{"Time":"2019-04-07T22:58:07","Situation":"flat","Type":"bid","Price":18.89890000,"Amount":9743.52000000,"Done":false},{"Time":"2019-04-07T23:03:10","Situation":"flat","Type":"bid","Price":18.89890000,"Amount":9743.52000000,"Done":false},{"Time":"2019-04-07T23:08:10","Situation":"flat","Type":"bid","Price":18.89890000,"Amount":9743.52000000,"Done":false},{"Time":"2019-04-07T23:13:11","Situation":"flat","Type":"bid","Price":18.89890000,"Amount":9743.52000000,"Done":false},{"Time":"2019-04-07T23:18:14","Situation":"flat","Type":"bid","Price":18.89890000,"Amount":9743.52000000,"Done":false},{"Time":"2019-04-07T23:23:15","Situation":"flat","Type":"bid","Price":18.89890000,"Amount":9743.52000000,"Done":false},{"Time":"2019-04-07T23:28:15","Situation":"flat","Type":"bid","Price":18.89890000,"Amount":9743.52000000,"Done":false},{"Time":"2019-04-07T23:33:16","Situation":"flat","Type":"bid","Price":18.89890000,"Amount":9743.52000000,"Done":false},{"Time":"2019-04-07T23:38:16","Situation":"flat","Type":"bid","Price":18.89890000,"Amount":9743.52000000,"Done":false},{"Time":"2019-04-07T23:43:16","Situation":"flat","Type":"bid","Price":18.89890000,"Amount":9743.52000000,"Done":false},{"Time":"2019-04-07T23:48:19","Situation":"flat","Type":"bid","Price":18.89890000,"Amount":9743.52000000,"Done":false},{"Time":"2019-04-07T23:53:21","Situation":"flat","Type":"bid","Price":18.89890000,"Amount":9743.52000000,"Done":false},{"Time":"2019-04-07T23:58:25","Situation":"flat","Type":"bid","Price":18.89890000,"Amount":9743.52000000,"Done":false},{"Time":"2019-04-08T00:03:26","Situation":"flat","Type":"bid","Price":18.89890000,"Amount":9743.52000000,"Done":false},{"Time":"2019-04-08T00:08:29","Situation":"flat","Type":"bid","Price":18.89890000,"Amount":9743.52000000,"Done":false},{"Time":"2019-04-08T00:13:30","Situation":"flat","Type":"bid","Price":18.89890000,"Amount":9743.52000000,"Done":false},{"Time":"2019-04-08T00:18:31","Situation":"flat","Type":"bid","Price":18.89890000,"Amount":9743.52000000,"Done":false},{"Time":"2019-04-08T00:23:34","Situation":"flat","Type":"bid","Price":18.89890000,"Amount":9743.52000000,"Done":false},{"Time":"2019-04-08T00:26:46","Situation":"trend","Type":"bid","Price":18.89890000,"Amount":9743.52000000,"Done":false},{"Time":"2019-04-08T00:31:49","Situation":"flat","Type":"bid","Price":18.89890000,"Amount":9743.52000000,"Done":false},{"Time":"2019-04-08T00:36:51","Situation":"flat","Type":"bid","Price":18.89890000,"Amount":9743.52000000,"Done":false},{"Time":"2019-04-08T00:59:05","Situation":"trend","Type":"bid","Price":18.80000000,"Amount":12028.81000000,"Done":false},{"Time":"2019-04-08T01:02:32","Situation":"trend","Type":"bid","Price":18.80000000,"Amount":9877.83000000,"Done":false},{"Time":"2019-04-08T01:04:06","Situation":"trend","Type":"bid","Price":18.80000000,"Amount":9817.44000000,"Done":false},{"Time":"2019-04-08T01:09:06","Situation":"flat","Type":"bid","Price":18.80000000,"Amount":9840.12000000,"Done":false},{"Time":"2019-04-08T01:14:10","Situation":"flat","Type":"bid","Price":18.86250000,"Amount":8551.74000000,"Done":false},{"Time":"2019-04-08T01:14:10","Situation":"flat","Type":"bid","Price":18.80000000,"Amount":6815.75000000,"Done":false},{"Time":"2019-04-08T01:19:11","Situation":"flat","Type":"bid","Price":18.84560000,"Amount":9990.68000000,"Done":false},{"Time":"2019-04-08T07:01:05","Situation":"flat","Type":"bid","Price":18.49460000,"Amount":9506.77000000,"Done":false},{"Time":"2019-04-08T07:06:07","Situation":"flat","Type":"bid","Price":18.49460000,"Amount":9506.77000000,"Done":false},{"Time":"2019-04-08T07:30:26","Situation":"flat","Type":"bid","Price":18.56220000,"Amount":6798.62000000,"Done":false},{"Time":"2019-04-08T07:35:27","Situation":"flat","Type":"bid","Price":18.62330000,"Amount":6756.02000000,"Done":false},{"Time":"2019-04-08T08:41:06","Situation":"trend","Type":"bid","Price":18.40000000,"Amount":7334.87000000,"Done":false},{"Time":"2019-04-08T08:46:09","Situation":"flat","Type":"bid","Price":18.40000000,"Amount":7281.31000000,"Done":false},{"Time":"2019-04-08T08:56:12","Situation":"flat","Type":"bid","Price":18.40000000,"Amount":7281.31000000,"Done":false},{"Time":"2019-04-08T09:01:16","Situation":"flat","Type":"bid","Price":18.40000000,"Amount":7054.16000000,"Done":false}],"TradeHistory":[{"Time":"2019-04-01T00:02:47","Situation":"flat","Id":"20273790","Type":"market","Side":"sell","OrderTime":"2019-03-31T23:57:58","Price":17.51500000,"Amount":600.00000000},{"Time":"2019-04-01T00:02:47","Situation":"flat","Id":"20273899","Type":"market","Side":"sell","OrderTime":"2019-03-31T23:58:59","Price":17.52350000,"Amount":697.62000000},{"Time":"2019-04-01T00:02:47","Situation":"flat","Id":"20273913","Type":"market","Side":"buy","OrderTime":"2019-03-31T23:59:20","Price":17.53160000,"Amount":592.74000000},{"Time":"2019-04-01T00:02:47","Situation":"flat","Id":"20274015","Type":"market","Side":"buy","OrderTime":"2019-04-01T00:00:39","Price":17.50800000,"Amount":814.73000000},{"Time":"2019-04-01T00:02:47","Situation":"flat","Id":"20274094","Type":"market","Side":"buy","OrderTime":"2019-04-01T00:02:41","Price":17.46610000,"Amount":572.88000000},{"Time":"2019-04-01T00:07:48","Situation":"flat","Id":"20274162","Type":"market","Side":"buy","OrderTime":"2019-04-01T00:03:50","Price":17.48710000,"Amount":789.83000000},{"Time":"2019-04-01T00:07:48","Situation":"flat","Id":"20274174","Type":"market","Side":"sell","OrderTime":"2019-04-01T00:04:19","Price":17.52330000,"Amount":609.91000000},{"Time":"2019-04-01T00:07:48","Situation":"flat","Id":"20274205","Type":"market","Side":"buy","OrderTime":"2019-04-01T00:04:45","Price":17.51000000,"Amount":708.83000000},{"Time":"2019-04-01T00:07:48","Situation":"flat","Id":"20274224","Type":"market","Side":"sell","OrderTime":"2019-04-01T00:05:27","Price":17.52150000,"Amount":804.03000000},{"Time":"2019-04-01T00:07:48","Situation":"flat","Id":"20274247","Type":"market","Side":"buy","OrderTime":"2019-04-01T00:06:34","Price":17.51250000,"Amount":568.31000000},{"Time":"2019-04-01T00:12:51","Situation":"flat","Id":"20274283","Type":"market","Side":"buy","OrderTime":"2019-04-01T00:08:41","Price":17.50760000,"Amount":560.26000000},{"Time":"2019-04-01T00:12:51","Situation":"flat","Id":"20274292","Type":"market","Side":"buy","OrderTime":"2019-04-01T00:10:06","Price":17.51490000,"Amount":717.16000000},{"Time":"2019-04-01T00:17:52","Situation":"flat","Id":"20274349","Type":"market","Side":"sell","OrderTime":"2019-04-01T00:14:27","Price":17.48520000,"Amount":635.92000000},{"Time":"2019-04-01T00:22:52","Situation":"flat","Id":"20274409","Type":"market","Side":"buy","OrderTime":"2019-04-01T00:18:37","Price":17.47800000,"Amount":893.40000000},{"Time":"2019-04-01T00:22:52","Situation":"flat","Id":"20274414","Type":"market","Side":"buy","OrderTime":"2019-04-01T00:19:11","Price":17.47100000,"Amount":505.91000000},{"Time":"2019-04-01T00:27:37","Situation":"trend","Id":"20274593","Type":"market","Side":"sell","OrderTime":"2019-04-01T00:24:33","Price":17.37530000,"Amount":527.78000000},{"Time":"2019-04-01T00:27:37","Situation":"trend","Id":"20274646","Type":"market","Side":"buy","OrderTime":"2019-04-01T00:24:45","Price":17.37150000,"Amount":813.82000000},{"Time":"2019-04-01T00:30:54","Situation":"trend","Id":"20274912","Type":"market","Side":"sell","OrderTime":"2019-04-01T00:28:07","Price":17.44000000,"Amount":771.69000000},{"Time":"2019-04-01T00:35:56","Situation":"flat","Id":"20275111","Type":"market","Side":"buy","OrderTime":"2019-04-01T00:32:44","Price":17.40900000,"Amount":676.63000000},{"Time":"2019-04-01T00:42:10","Situation":"flat","Id":"20275334","Type":"market","Side":"buy","OrderTime":"2019-04-01T00:38:17","Price":17.43070000,"Amount":543.73000000},{"Time":"2019-04-01T00:42:10","Situation":"flat","Id":"20275352","Type":"market","Side":"buy","OrderTime":"2019-04-01T00:38:53","Price":17.42010000,"Amount":801.71000000},{"Time":"2019-04-01T00:42:10","Situation":"flat","Id":"20275414","Type":"market","Side":"buy","OrderTime":"2019-04-01T00:40:54","Price":17.41740000,"Amount":743.05000000},{"Time":"2019-04-01T00:47:12","Situation":"flat","Id":"20275517","Type":"market","Side":"sell","OrderTime":"2019-04-01T00:44:14","Price":17.45070000,"Amount":685.87000000},{"Time":"2019-04-01T00:47:12","Situation":"flat","Id":"20275532","Type":"market","Side":"sell","OrderTime":"2019-04-01T00:44:38","Price":17.44140000,"Amount":654.03000000},{"Time":"2019-04-01T00:47:12","Situation":"flat","Id":"20275545","Type":"market","Side":"buy","OrderTime":"2019-04-01T00:45:44","Price":17.45410000,"Amount":731.05000000},{"Time":"2019-04-01T00:47:12","Situation":"flat","Id":"20275558","Type":"market","Side":"buy","OrderTime":"2019-04-01T00:46:37","Price":17.44300000,"Amount":878.60000000},{"Time":"2019-04-01T00:47:12","Situation":"flat","Id":"20275563","Type":"market","Side":"buy","OrderTime":"2019-04-01T00:46:55","Price":17.44780000,"Amount":726.36000000},{"Time":"2019-04-01T00:52:15","Situation":"flat","Id":"20275573","Type":"market","Side":"buy","OrderTime":"2019-04-01T00:47:35","Price":17.42500000,"Amount":1132.14000000},{"Time":"2019-04-01T00:52:15","Situation":"flat","Id":"20275589","Type":"market","Side":"sell","OrderTime":"2019-04-01T00:48:12","Price":17.42380000,"Amount":610.89000000},{"Time":"2019-04-01T00:52:15","Situation":"flat","Id":"20275590","Type":"market","Side":"buy","OrderTime":"2019-04-01T00:48:12","Price":17.43020000,"Amount":531.03000000},{"Time":"2019-04-01T00:52:15","Situation":"flat","Id":"20275597","Type":"market","Side":"buy","OrderTime":"2019-04-01T00:49:11","Price":17.42840000,"Amount":666.50000000},{"Time":"2019-04-01T00:52:15","Situation":"flat","Id":"20275609","Type":"market","Side":"sell","OrderTime":"2019-04-01T00:49:42","Price":17.42200000,"Amount":707.04000000},{"Time":"2019-04-01T00:52:15","Situation":"flat","Id":"20275632","Type":"market","Side":"buy","OrderTime":"2019-04-01T00:49:58","Price":17.43000000,"Amount":886.15000000},{"Time":"2019-04-01T00:52:15","Situation":"flat","Id":"20275640","Type":"market","Side":"sell","OrderTime":"2019-04-01T00:50:09","Price":17.43130000,"Amount":637.19000000},{"Time":"2019-04-01T00:52:15","Situation":"flat","Id":"20275660","Type":"market","Side":"sell","OrderTime":"2019-04-01T00:50:49","Price":17.41720000,"Amount":828.12000000},{"Time":"2019-04-01T00:57:17","Situation":"flat","Id":"20275714","Type":"market","Side":"buy","OrderTime":"2019-04-01T00:53:29","Price":17.42020000,"Amount":1033.32000000},{"Time":"2019-04-01T00:57:17","Situation":"flat","Id":"20275717","Type":"market","Side":"buy","OrderTime":"2019-04-01T00:53:39","Price":17.41240000,"Amount":1221.29000000},{"Time":"2019-04-01T00:57:17","Situation":"flat","Id":"20275726","Type":"market","Side":"buy","OrderTime":"2019-04-01T00:54:29","Price":17.40710000,"Amount":605.21000000},{"Time":"2019-04-01T00:57:17","Situation":"flat","Id":"20275804","Type":"market","Side":"sell","OrderTime":"2019-04-01T00:55:35","Price":17.45970000,"Amount":695.77000000},{"Time":"2019-04-01T00:57:17","Situation":"flat","Id":"20275809","Type":"market","Side":"sell","OrderTime":"2019-04-01T00:55:47","Price":17.46000000,"Amount":739.55000000},{"Time":"2019-04-01T00:57:17","Situation":"flat","Id":"20275844","Type":"market","Side":"buy","OrderTime":"2019-04-01T00:56:37","Price":17.40060000,"Amount":626.83000000},{"Time":"2019-04-01T01:02:21","Situation":"flat","Id":"20275949","Type":"market","Side":"buy","OrderTime":"2019-04-01T01:00:16","Price":17.45750000,"Amount":770.27000000},{"Time":"2019-04-01T01:02:21","Situation":"flat","Id":"20275956","Type":"market","Side":"buy","OrderTime":"2019-04-01T01:00:30","Price":17.46460000,"Amount":648.19000000},{"Time":"2019-04-01T01:02:21","Situation":"flat","Id":"20275980","Type":"market","Side":"sell","OrderTime":"2019-04-01T01:01:03","Price":17.45620000,"Amount":668.38000000},{"Time":"2019-04-01T01:02:21","Situation":"flat","Id":"20275985","Type":"market","Side":"sell","OrderTime":"2019-04-01T01:01:23","Price":17.45910000,"Amount":786.17000000},{"Time":"2019-04-01T01:05:51","Situation":"trend","Id":"20276043","Type":"market","Side":"sell","OrderTime":"2019-04-01T01:03:41","Price":17.46570000,"Amount":1439.42000000},{"Time":"2019-04-01T01:05:51","Situation":"trend","Id":"20276102","Type":"market","Side":"buy","OrderTime":"2019-04-01T01:05:26","Price":17.49070000,"Amount":526.53000000},{"Time":"2019-04-01T01:10:53","Situation":"flat","Id":"20276166","Type":"market","Side":"sell","OrderTime":"2019-04-01T01:06:53","Price":17.47710000,"Amount":1048.28000000},{"Time":"2019-04-01T01:10:53","Situation":"flat","Id":"20276175","Type":"market","Side":"buy","OrderTime":"2019-04-01T01:07:08","Price":17.48880000,"Amount":506.46000000},{"Time":"2019-04-01T01:10:53","Situation":"flat","Id":"20276190","Type":"market","Side":"sell","OrderTime":"2019-04-01T01:07:22","Price":17.49020000,"Amount":512.13000000},{"Time":"2019-04-01T01:10:53","Situation":"flat","Id":"20276220","Type":"market","Side":"buy","OrderTime":"2019-04-01T01:08:03","Price":17.46400000,"Amount":712.09000000},{"Time":"2019-04-01T01:10:53","Situation":"flat","Id":"20276277","Type":"market","Side":"buy","OrderTime":"2019-04-01T01:09:10","Price":17.49460000,"Amount":1069.80000000},{"Time":"2019-04-01T01:10:53","Situation":"flat","Id":"20276279","Type":"market","Side":"buy","OrderTime":"2019-04-01T01:09:22","Price":17.49540000,"Amount":797.22000000},{"Time":"2019-04-01T01:10:53","Situation":"flat","Id":"20276292","Type":"market","Side":"sell","OrderTime":"2019-04-01T01:09:40","Price":17.48740000,"Amount":711.19000000},{"Time":"2019-04-01T01:10:53","Situation":"flat","Id":"20276317","Type":"market","Side":"buy","OrderTime":"2019-04-01T01:10:02","Price":17.47620000,"Amount":988.96000000},{"Time":"2019-04-01T01:10:53","Situation":"flat","Id":"20276328","Type":"market","Side":"buy","OrderTime":"2019-04-01T01:10:16","Price":17.46370000,"Amount":627.75000000},{"Time":"2019-04-01T01:15:53","Situation":"flat","Id":"20276363","Type":"market","Side":"buy","OrderTime":"2019-04-01T01:11:31","Price":17.44910000,"Amount":533.56000000},{"Time":"2019-04-01T01:15:53","Situation":"flat","Id":"20276386","Type":"market","Side":"buy","OrderTime":"2019-04-01T01:13:54","Price":17.46780000,"Amount":538.44000000},{"Time":"2019-04-01T01:15:53","Situation":"flat","Id":"20276406","Type":"market","Side":"buy","OrderTime":"2019-04-01T01:14:38","Price":17.44490000,"Amount":580.96000000},{"Time":"2019-04-01T01:15:53","Situation":"flat","Id":"20276417","Type":"market","Side":"sell","OrderTime":"2019-04-01T01:15:27","Price":17.43770000,"Amount":1213.97000000},{"Time":"2019-04-01T01:15:53","Situation":"flat","Id":"20276422","Type":"market","Side":"buy","OrderTime":"2019-04-01T01:15:36","Price":17.43550000,"Amount":523.53000000},{"Time":"2019-04-01T01:20:54","Situation":"flat","Id":"20276435","Type":"market","Side":"sell","OrderTime":"2019-04-01T01:15:58","Price":17.42250000,"Amount":790.18000000},{"Time":"2019-04-01T01:20:54","Situation":"flat","Id":"20276450","Type":"market","Side":"buy","OrderTime":"2019-04-01T01:16:57","Price":17.42170000,"Amount":716.62000000},{"Time":"2019-04-01T01:20:54","Situation":"flat","Id":"20276467","Type":"market","Side":"buy","OrderTime":"2019-04-01T01:17:18","Price":17.44500000,"Amount":869.71000000},{"Time":"2019-04-01T01:20:54","Situation":"flat","Id":"20276475","Type":"market","Side":"sell","OrderTime":"2019-04-01T01:18:16","Price":17.44150000,"Amount":803.96000000},{"Time":"2019-04-01T01:20:54","Situation":"flat","Id":"20276476","Type":"market","Side":"buy","OrderTime":"2019-04-01T01:18:48","Price":17.44210000,"Amount":554.32000000},{"Time":"2019-04-01T01:20:54","Situation":"flat","Id":"20276504","Type":"market","Side":"sell","OrderTime":"2019-04-01T01:20:36","Price":17.42150000,"Amount":657.68000000},{"Time":"2019-04-01T01:25:55","Situation":"flat","Id":"20276532","Type":"market","Side":"buy","OrderTime":"2019-04-01T01:21:26","Price":17.45830000,"Amount":697.72000000},{"Time":"2019-04-01T01:25:55","Situation":"flat","Id":"20276583","Type":"market","Side":"buy","OrderTime":"2019-04-01T01:24:06","Price":17.40620000,"Amount":524.25000000},{"Time":"2019-04-01T01:25:55","Situation":"flat","Id":"20276604","Type":"market","Side":"buy","OrderTime":"2019-04-01T01:25:11","Price":17.44240000,"Amount":628.49000000},{"Time":"2019-04-01T01:25:55","Situation":"flat","Id":"20276605","Type":"market","Side":"sell","OrderTime":"2019-04-01T01:25:32","Price":17.43650000,"Amount":671.52000000},{"Time":"2019-04-01T01:30:58","Situation":"flat","Id":"20276621","Type":"market","Side":"buy","OrderTime":"2019-04-01T01:26:10","Price":17.42510000,"Amount":568.60000000},{"Time":"2019-04-01T01:30:58","Situation":"flat","Id":"20276634","Type":"market","Side":"buy","OrderTime":"2019-04-01T01:26:43","Price":17.43090000,"Amount":810.71000000},{"Time":"2019-04-01T01:30:58","Situation":"flat","Id":"20276636","Type":"market","Side":"buy","OrderTime":"2019-04-01T01:27:09","Price":17.42580000,"Amount":564.98000000},{"Time":"2019-04-01T01:30:58","Situation":"flat","Id":"20276668","Type":"market","Side":"sell","OrderTime":"2019-04-01T01:27:51","Price":17.41700000,"Amount":1103.12000000},{"Time":"2019-04-01T01:30:58","Situation":"flat","Id":"20276670","Type":"market","Side":"buy","OrderTime":"2019-04-01T01:28:27","Price":17.41250000,"Amount":850.58000000},{"Time":"2019-04-01T01:30:58","Situation":"flat","Id":"20276675","Type":"market","Side":"sell","OrderTime":"2019-04-01T01:28:54","Price":17.41130000,"Amount":764.73000000},{"Time":"2019-04-01T01:30:58","Situation":"flat","Id":"20276678","Type":"market","Side":"buy","OrderTime":"2019-04-01T01:29:30","Price":17.40860000,"Amount":615.38000000},{"Time":"2019-04-01T01:30:58","Situation":"flat","Id":"20276688","Type":"market","Side":"sell","OrderTime":"2019-04-01T01:29:56","Price":17.40460000,"Amount":649.77000000},{"Time":"2019-04-01T01:30:58","Situation":"flat","Id":"20276704","Type":"market","Side":"sell","OrderTime":"2019-04-01T01:30:33","Price":17.41610000,"Amount":673.88000000},{"Time":"2019-04-01T01:36:01","Situation":"flat","Id":"20276712","Type":"market","Side":"buy","OrderTime":"2019-04-01T01:31:06","Price":17.41600000,"Amount":607.37000000},{"Time":"2019-04-01T01:36:01","Situation":"flat","Id":"20276717","Type":"market","Side":"buy","OrderTime":"2019-04-01T01:31:39","Price":17.41660000,"Amount":688.09000000},{"Time":"2019-04-01T01:36:01","Situation":"flat","Id":"20276720","Type":"market","Side":"buy","OrderTime":"2019-04-01T01:31:56","Price":17.41670000,"Amount":647.03000000},{"Time":"2019-04-01T01:36:01","Situation":"flat","Id":"20276738","Type":"market","Side":"buy","OrderTime":"2019-04-01T01:33:06","Price":17.40940000,"Amount":590.61000000},{"Time":"2019-04-01T01:36:01","Situation":"flat","Id":"20276778","Type":"market","Side":"buy","OrderTime":"2019-04-01T01:34:01","Price":17.43290000,"Amount":1547.76000000},{"Time":"2019-04-01T01:36:01","Situation":"flat","Id":"20276792","Type":"market","Side":"buy","OrderTime":"2019-04-01T01:35:39","Price":17.43380000,"Amount":637.85000000},{"Time":"2019-04-01T01:41:06","Situation":"flat","Id":"20276801","Type":"market","Side":"sell","OrderTime":"2019-04-01T01:36:29","Price":17.41460000,"Amount":636.36000000},{"Time":"2019-04-01T01:41:06","Situation":"flat","Id":"20276807","Type":"market","Side":"sell","OrderTime":"2019-04-01T01:37:30","Price":17.41840000,"Amount":602.17000000},{"Time":"2019-04-01T01:41:06","Situation":"flat","Id":"20276808","Type":"market","Side":"sell","OrderTime":"2019-04-01T01:37:30","Price":17.42180000,"Amount":1462.13000000},{"Time":"2019-04-01T01:41:06","Situation":"flat","Id":"20276809","Type":"market","Side":"sell","OrderTime":"2019-04-01T01:37:53","Price":17.42630000,"Amount":671.33000000},{"Time":"2019-04-01T01:41:06","Situation":"flat","Id":"20276810","Type":"market","Side":"sell","OrderTime":"2019-04-01T01:38:14","Price":17.42320000,"Amount":591.09000000},{"Time":"2019-04-01T01:41:06","Situation":"flat","Id":"20276815","Type":"market","Side":"buy","OrderTime":"2019-04-01T01:38:34","Price":17.42660000,"Amount":603.45000000},{"Time":"2019-04-01T01:41:06","Situation":"flat","Id":"20276816","Type":"market","Side":"sell","OrderTime":"2019-04-01T01:38:38","Price":17.42680000,"Amount":660.95000000},{"Time":"2019-04-01T01:41:06","Situation":"flat","Id":"20276832","Type":"market","Side":"buy","OrderTime":"2019-04-01T01:39:31","Price":17.41450000,"Amount":1035.54000000},{"Time":"2019-04-01T01:41:06","Situation":"flat","Id":"20276833","Type":"market","Side":"sell","OrderTime":"2019-04-01T01:40:05","Price":17.41970000,"Amount":584.43000000},{"Time":"2019-04-01T01:41:06","Situation":"flat","Id":"20276837","Type":"market","Side":"buy","OrderTime":"2019-04-01T01:40:23","Price":17.41700000,"Amount":1105.42000000},{"Time":"2019-04-01T01:41:06","Situation":"flat","Id":"20276843","Type":"market","Side":"sell","OrderTime":"2019-04-01T01:40:59","Price":17.41760000,"Amount":908.06000000},{"Time":"2019-04-01T01:41:06","Situation":"flat","Id":"20276844","Type":"market","Side":"buy","OrderTime":"2019-04-01T01:40:59","Price":17.42220000,"Amount":500.73000000},{"Time":"2019-04-01T01:46:09","Situation":"flat","Id":"20276861","Type":"market","Side":"sell","OrderTime":"2019-04-01T01:42:16","Price":17.41820000,"Amount":508.46000000},{"Time":"2019-04-01T01:46:09","Situation":"flat","Id":"20276865","Type":"market","Side":"buy","OrderTime":"2019-04-01T01:42:44","Price":17.41810000,"Amount":634.60000000},{"Time":"2019-04-01T01:46:09","Situation":"flat","Id":"20276885","Type":"market","Side":"buy","OrderTime":"2019-04-01T01:44:00","Price":17.43530000,"Amount":709.87000000},{"Time":"2019-04-01T01:46:09","Situation":"flat","Id":"20276894","Type":"market","Side":"buy","OrderTime":"2019-04-01T01:44:54","Price":17.42750000,"Amount":779.26000000},{"Time":"2019-04-01T01:46:09","Situation":"flat","Id":"20276930","Type":"market","Side":"sell","OrderTime":"2019-04-01T01:45:18","Price":17.42250000,"Amount":1119.93000000},{"Time":"2019-04-01T01:46:09","Situation":"flat","Id":"20276934","Type":"market","Side":"sell","OrderTime":"2019-04-01T01:45:41","Price":17.41550000,"Amount":542.64000000},{"Time":"2019-04-01T01:51:11","Situation":"flat","Id":"20276974","Type":"market","Side":"buy","OrderTime":"2019-04-01T01:46:59","Price":17.39450000,"Amount":660.90000000},{"Time":"2019-04-01T01:51:11","Situation":"flat","Id":"20277010","Type":"market","Side":"sell","OrderTime":"2019-04-01T01:49:19","Price":17.40770000,"Amount":1303.94000000},{"Time":"2019-04-01T01:51:11","Situation":"flat","Id":"20277064","Type":"market","Side":"sell","OrderTime":"2019-04-01T01:50:49","Price":17.40880000,"Amount":541.53000000},{"Time":"2019-04-01T01:56:11","Situation":"flat","Id":"20277079","Type":"market","Side":"buy","OrderTime":"2019-04-01T01:51:41","Price":17.40440000,"Amount":1307.41000000},{"Time":"2019-04-01T01:56:11","Situation":"flat","Id":"20277085","Type":"market","Side":"sell","OrderTime":"2019-04-01T01:51:57","Price":17.39730000,"Amount":578.77000000},{"Time":"2019-04-01T01:56:11","Situation":"flat","Id":"20277096","Type":"market","Side":"buy","OrderTime":"2019-04-01T01:52:57","Price":17.39550000,"Amount":654.05000000},{"Time":"2019-04-01T01:56:11","Situation":"flat","Id":"20277100","Type":"market","Side":"buy","OrderTime":"2019-04-01T01:53:27","Price":17.39320000,"Amount":850.75000000},{"Time":"2019-04-01T01:56:11","Situation":"flat","Id":"20277136","Type":"market","Side":"buy","OrderTime":"2019-04-01T01:53:39","Price":17.36470000,"Amount":737.62000000},{"Time":"2019-04-01T01:56:11","Situation":"flat","Id":"20277154","Type":"market","Side":"buy","OrderTime":"2019-04-01T01:54:09","Price":17.37860000,"Amount":737.06000000},{"Time":"2019-04-01T02:01:13","Situation":"flat","Id":"20277252","Type":"market","Side":"buy","OrderTime":"2019-04-01T01:56:32","Price":17.39830000,"Amount":1141.20000000},{"Time":"2019-04-01T02:01:13","Situation":"flat","Id":"20277299","Type":"market","Side":"sell","OrderTime":"2019-04-01T01:57:15","Price":17.37700000,"Amount":679.44000000},{"Time":"2019-04-01T02:01:13","Situation":"flat","Id":"20277302","Type":"market","Side":"buy","OrderTime":"2019-04-01T01:57:30","Price":17.38670000,"Amount":604.65000000},{"Time":"2019-04-01T02:01:13","Situation":"flat","Id":"20277311","Type":"market","Side":"buy","OrderTime":"2019-04-01T01:57:36","Price":17.38240000,"Amount":1388.43000000},{"Time":"2019-04-01T02:01:13","Situation":"flat","Id":"20277327","Type":"market","Side":"buy","OrderTime":"2019-04-01T01:58:08","Price":17.37000000,"Amount":1188.35000000},{"Time":"2019-04-01T02:01:13","Situation":"flat","Id":"20277333","Type":"market","Side":"buy","OrderTime":"2019-04-01T01:58:17","Price":17.37270000,"Amount":586.39000000},{"Time":"2019-04-01T02:01:13","Situation":"flat","Id":"20277354","Type":"market","Side":"sell","OrderTime":"2019-04-01T01:58:46","Price":17.37700000,"Amount":616.11000000},{"Time":"2019-04-01T02:01:13","Situation":"flat","Id":"20277367","Type":"market","Side":"buy","OrderTime":"2019-04-01T01:59:17","Price":17.37910000,"Amount":1037.66000000},{"Time":"2019-04-01T02:01:13","Situation":"flat","Id":"20277372","Type":"market","Side":"sell","OrderTime":"2019-04-01T01:59:46","Price":17.37930000,"Amount":520.28000000},{"Time":"2019-04-01T02:01:13","Situation":"flat","Id":"20277384","Type":"market","Side":"sell","OrderTime":"2019-04-01T02:00:00","Price":17.38470000,"Amount":563.64000000},{"Time":"2019-04-01T02:01:13","Situation":"flat","Id":"20277387","Type":"market","Side":"sell","OrderTime":"2019-04-01T02:00:34","Price":17.39080000,"Amount":722.72000000},{"Time":"2019-04-01T02:01:13","Situation":"flat","Id":"20277394","Type":"market","Side":"buy","OrderTime":"2019-04-01T02:00:41","Price":17.39030000,"Amount":1344.66000000},{"Time":"2019-04-01T02:01:13","Situation":"flat","Id":"20277419","Type":"market","Side":"sell","OrderTime":"2019-04-01T02:01:06","Price":17.38250000,"Amount":603.09000000},{"Time":"2019-04-01T02:06:17","Situation":"flat","Id":"20277424","Type":"market","Side":"buy","OrderTime":"2019-04-01T02:01:20","Price":17.38880000,"Amount":550.28000000},{"Time":"2019-04-01T02:06:17","Situation":"flat","Id":"20277473","Type":"market","Side":"buy","OrderTime":"2019-04-01T02:02:11","Price":17.42330000,"Amount":1105.79000000},{"Time":"2019-04-01T02:06:17","Situation":"flat","Id":"20277474","Type":"market","Side":"sell","OrderTime":"2019-04-01T02:02:23","Price":17.42120000,"Amount":507.39000000},{"Time":"2019-04-01T02:06:17","Situation":"flat","Id":"20277491","Type":"market","Side":"sell","OrderTime":"2019-04-01T02:03:35","Price":17.41790000,"Amount":612.89000000},{"Time":"2019-04-01T02:06:17","Situation":"flat","Id":"20277492","Type":"market","Side":"buy","OrderTime":"2019-04-01T02:03:48","Price":17.42890000,"Amount":685.41000000},{"Time":"2019-04-01T02:06:17","Situation":"flat","Id":"20277493","Type":"market","Side":"buy","OrderTime":"2019-04-01T02:04:03","Price":17.42890000,"Amount":521.99000000},{"Time":"2019-04-01T02:06:17","Situation":"flat","Id":"20277496","Type":"market","Side":"buy","OrderTime":"2019-04-01T02:04:26","Price":17.41990000,"Amount":545.62000000},{"Time":"2019-04-01T02:06:17","Situation":"flat","Id":"20277497","Type":"market","Side":"buy","OrderTime":"2019-04-01T02:04:26","Price":17.42880000,"Amount":508.75000000},{"Time":"2019-04-01T02:06:17","Situation":"flat","Id":"20277504","Type":"market","Side":"buy","OrderTime":"2019-04-01T02:04:54","Price":17.42570000,"Amount":1174.87000000},{"Time":"2019-04-01T02:11:17","Situation":"flat","Id":"20277538","Type":"market","Side":"sell","OrderTime":"2019-04-01T02:06:28","Price":17.40700000,"Amount":958.59000000},{"Time":"2019-04-01T02:11:17","Situation":"flat","Id":"20277553","Type":"market","Side":"buy","OrderTime":"2019-04-01T02:07:30","Price":17.42240000,"Amount":946.59000000},{"Time":"2019-04-01T02:11:17","Situation":"flat","Id":"20277556","Type":"market","Side":"buy","OrderTime":"2019-04-01T02:07:34","Price":17.42900000,"Amount":719.85000000},{"Time":"2019-04-01T02:11:17","Situation":"flat","Id":"20277629","Type":"market","Side":"sell","OrderTime":"2019-04-01T02:08:55","Price":17.46210000,"Amount":509.15000000},{"Time":"2019-04-01T02:11:17","Situation":"flat","Id":"20277640","Type":"market","Side":"buy","OrderTime":"2019-04-01T02:09:07","Price":17.44000000,"Amount":591.43000000},{"Time":"2019-04-01T02:11:17","Situation":"flat","Id":"20277661","Type":"market","Side":"sell","OrderTime":"2019-04-01T02:09:57","Price":17.44690000,"Amount":1211.98000000},{"Time":"2019-04-01T02:16:21","Situation":"flat","Id":"20277686","Type":"market","Side":"sell","OrderTime":"2019-04-01T02:11:39","Price":17.44470000,"Amount":1269.82000000},{"Time":"2019-04-01T02:16:21","Situation":"flat","Id":"20277693","Type":"market","Side":"buy","OrderTime":"2019-04-01T02:11:48","Price":17.43470000,"Amount":599.36000000},{"Time":"2019-04-01T02:16:21","Situation":"flat","Id":"20277708","Type":"market","Side":"sell","OrderTime":"2019-04-01T02:12:26","Price":17.43740000,"Amount":1447.51000000},{"Time":"2019-04-01T02:16:21","Situation":"flat","Id":"20277709","Type":"market","Side":"buy","OrderTime":"2019-04-01T02:12:47","Price":17.43810000,"Amount":690.46000000},{"Time":"2019-04-01T02:16:21","Situation":"flat","Id":"20277727","Type":"market","Side":"buy","OrderTime":"2019-04-01T02:14:10","Price":17.46240000,"Amount":833.37000000},{"Time":"2019-04-01T02:16:21","Situation":"flat","Id":"20277758","Type":"market","Side":"buy","OrderTime":"2019-04-01T02:14:56","Price":17.44480000,"Amount":804.25000000},{"Time":"2019-04-01T02:16:21","Situation":"flat","Id":"20277767","Type":"market","Side":"sell","OrderTime":"2019-04-01T02:15:04","Price":17.44900000,"Amount":955.51000000},{"Time":"2019-04-01T02:16:21","Situation":"flat","Id":"20277770","Type":"market","Side":"buy","OrderTime":"2019-04-01T02:15:30","Price":17.46120000,"Amount":592.99000000},{"Time":"2019-04-01T02:16:21","Situation":"flat","Id":"20277779","Type":"market","Side":"buy","OrderTime":"2019-04-01T02:15:59","Price":17.47460000,"Amount":861.00000000},{"Time":"2019-04-01T02:21:21","Situation":"flat","Id":"20277785","Type":"market","Side":"buy","OrderTime":"2019-04-01T02:16:34","Price":17.47450000,"Amount":790.49000000},{"Time":"2019-04-01T02:21:21","Situation":"flat","Id":"20277804","Type":"market","Side":"buy","OrderTime":"2019-04-01T02:17:38","Price":17.47670000,"Amount":705.53000000},{"Time":"2019-04-01T02:21:21","Situation":"flat","Id":"20277808","Type":"market","Side":"sell","OrderTime":"2019-04-01T02:17:49","Price":17.47470000,"Amount":666.59000000},{"Time":"2019-04-01T02:21:21","Situation":"flat","Id":"20277815","Type":"market","Side":"buy","OrderTime":"2019-04-01T02:18:39","Price":17.47280000,"Amount":597.98000000},{"Time":"2019-04-01T02:21:21","Situation":"flat","Id":"20277819","Type":"market","Side":"sell","OrderTime":"2019-04-01T02:18:55","Price":17.47520000,"Amount":1099.70000000},{"Time":"2019-04-01T02:21:21","Situation":"flat","Id":"20277824","Type":"market","Side":"buy","OrderTime":"2019-04-01T02:19:16","Price":17.46690000,"Amount":806.97000000},{"Time":"2019-04-01T02:21:21","Situation":"flat","Id":"20277827","Type":"market","Side":"buy","OrderTime":"2019-04-01T02:20:09","Price":17.46690000,"Amount":659.12000000},{"Time":"2019-04-01T02:21:21","Situation":"flat","Id":"20277830","Type":"market","Side":"sell","OrderTime":"2019-04-01T02:20:25","Price":17.46910000,"Amount":1058.70000000},{"Time":"2019-04-01T02:21:21","Situation":"flat","Id":"20277832","Type":"market","Side":"sell","OrderTime":"2019-04-01T02:20:55","Price":17.46770000,"Amount":691.07000000},{"Time":"2019-04-01T02:21:21","Situation":"flat","Id":"20277834","Type":"market","Side":"sell","OrderTime":"2019-04-01T02:20:56","Price":17.46520000,"Amount":675.00000000},{"Time":"2019-04-01T02:21:21","Situation":"flat","Id":"20277840","Type":"market","Side":"sell","OrderTime":"2019-04-01T02:20:59","Price":17.45610000,"Amount":552.82000000},{"Time":"2019-04-01T02:21:21","Situation":"flat","Id":"20277845","Type":"market","Side":"sell","OrderTime":"2019-04-01T02:21:08","Price":17.44730000,"Amount":1270.25000000},{"Time":"2019-04-01T02:21:21","Situation":"flat","Id":"20277867","Type":"market","Side":"sell","OrderTime":"2019-04-01T02:21:16","Price":17.44440000,"Amount":788.96000000},{"Time":"2019-04-01T02:26:22","Situation":"flat","Id":"20277868","Type":"market","Side":"buy","OrderTime":"2019-04-01T02:21:23","Price":17.44590000,"Amount":935.04000000},{"Time":"2019-04-01T02:26:22","Situation":"flat","Id":"20277882","Type":"market","Side":"buy","OrderTime":"2019-04-01T02:22:09","Price":17.46340000,"Amount":959.83000000},{"Time":"2019-04-01T02:26:22","Situation":"flat","Id":"20277883","Type":"market","Side":"sell","OrderTime":"2019-04-01T02:22:17","Price":17.46290000,"Amount":1026.43000000},{"Time":"2019-04-01T02:26:22","Situation":"flat","Id":"20277893","Type":"market","Side":"buy","OrderTime":"2019-04-01T02:23:24","Price":17.45740000,"Amount":504.95000000},{"Time":"2019-04-01T02:26:22","Situation":"flat","Id":"20277909","Type":"market","Side":"sell","OrderTime":"2019-04-01T02:23:50","Price":17.43960000,"Amount":727.71000000},{"Time":"2019-04-01T02:26:22","Situation":"flat","Id":"20277912","Type":"market","Side":"sell","OrderTime":"2019-04-01T02:24:00","Price":17.43100000,"Amount":1584.73000000},{"Time":"2019-04-01T02:26:22","Situation":"flat","Id":"20277926","Type":"market","Side":"sell","OrderTime":"2019-04-01T02:24:20","Price":17.43870000,"Amount":937.98000000},{"Time":"2019-04-01T02:26:22","Situation":"flat","Id":"20277936","Type":"market","Side":"buy","OrderTime":"2019-04-01T02:24:49","Price":17.44900000,"Amount":623.87000000},{"Time":"2019-04-01T02:26:22","Situation":"flat","Id":"20277948","Type":"market","Side":"buy","OrderTime":"2019-04-01T02:25:17","Price":17.45700000,"Amount":1088.59000000},{"Time":"2019-04-01T02:26:22","Situation":"flat","Id":"20277950","Type":"market","Side":"sell","OrderTime":"2019-04-01T02:25:34","Price":17.44450000,"Amount":668.48000000},{"Time":"2019-04-01T02:26:22","Situation":"flat","Id":"20277951","Type":"market","Side":"buy","OrderTime":"2019-04-01T02:25:34","Price":17.44840000,"Amount":882.16000000},{"Time":"2019-04-01T02:26:22","Situation":"flat","Id":"20277956","Type":"market","Side":"buy","OrderTime":"2019-04-01T02:25:49","Price":17.44690000,"Amount":694.23000000},{"Time":"2019-04-01T02:26:22","Situation":"flat","Id":"20277958","Type":"market","Side":"buy","OrderTime":"2019-04-01T02:25:53","Price":17.45700000,"Amount":613.90000000},{"Time":"2019-04-01T02:31:25","Situation":"flat","Id":"20277979","Type":"market","Side":"buy","OrderTime":"2019-04-01T02:26:30","Price":17.43500000,"Amount":728.07000000},{"Time":"2019-04-01T02:31:25","Situation":"flat","Id":"20277994","Type":"market","Side":"buy","OrderTime":"2019-04-01T02:27:05","Price":17.44020000,"Amount":696.20000000},{"Time":"2019-04-01T02:31:25","Situation":"flat","Id":"20277999","Type":"market","Side":"buy","OrderTime":"2019-04-01T02:27:15","Price":17.44720000,"Amount":1205.20000000},{"Time":"2019-04-01T02:31:25","Situation":"flat","Id":"20278001","Type":"market","Side":"buy","OrderTime":"2019-04-01T02:27:33","Price":17.44750000,"Amount":660.30000000},{"Time":"2019-04-01T02:31:25","Situation":"flat","Id":"20278003","Type":"market","Side":"sell","OrderTime":"2019-04-01T02:27:54","Price":17.44130000,"Amount":1016.35000000},{"Time":"2019-04-01T02:31:25","Situation":"flat","Id":"20278030","Type":"market","Side":"buy","OrderTime":"2019-04-01T02:28:51","Price":17.43900000,"Amount":841.83000000},{"Time":"2019-04-01T02:31:25","Situation":"flat","Id":"20278038","Type":"market","Side":"buy","OrderTime":"2019-04-01T02:29:12","Price":17.45230000,"Amount":555.31000000},{"Time":"2019-04-01T02:31:25","Situation":"flat","Id":"20278058","Type":"market","Side":"sell","OrderTime":"2019-04-01T02:31:00","Price":17.45120000,"Amount":544.85000000},{"Time":"2019-04-01T02:36:26","Situation":"flat","Id":"20278066","Type":"market","Side":"sell","OrderTime":"2019-04-01T02:31:42","Price":17.44860000,"Amount":548.91000000},{"Time":"2019-04-01T02:36:26","Situation":"flat","Id":"20278098","Type":"market","Side":"buy","OrderTime":"2019-04-01T02:32:43","Price":17.46420000,"Amount":872.16000000},{"Time":"2019-04-01T02:36:26","Situation":"flat","Id":"20278154","Type":"market","Side":"sell","OrderTime":"2019-04-01T02:33:54","Price":17.45820000,"Amount":550.35000000},{"Time":"2019-04-01T02:36:26","Situation":"flat","Id":"20278164","Type":"market","Side":"sell","OrderTime":"2019-04-01T02:34:26","Price":17.46870000,"Amount":690.98000000},{"Time":"2019-04-01T02:36:26","Situation":"flat","Id":"20278196","Type":"market","Side":"buy","OrderTime":"2019-04-01T02:35:43","Price":17.47800000,"Amount":514.63000000},{"Time":"2019-04-01T02:36:26","Situation":"flat","Id":"20278198","Type":"market","Side":"buy","OrderTime":"2019-04-01T02:36:03","Price":17.47750000,"Amount":519.59000000},{"Time":"2019-04-01T02:41:27","Situation":"flat","Id":"20278203","Type":"market","Side":"buy","OrderTime":"2019-04-01T02:36:45","Price":17.48650000,"Amount":641.32000000},{"Time":"2019-04-01T02:41:27","Situation":"flat","Id":"20278253","Type":"market","Side":"sell","OrderTime":"2019-04-01T02:38:20","Price":17.52100000,"Amount":650.38000000},{"Time":"2019-04-01T02:41:27","Situation":"flat","Id":"20278257","Type":"market","Side":"sell","OrderTime":"2019-04-01T02:39:20","Price":17.52340000,"Amount":903.53000000},{"Time":"2019-04-01T02:41:27","Situation":"flat","Id":"20278287","Type":"market","Side":"sell","OrderTime":"2019-04-01T02:41:01","Price":17.51310000,"Amount":657.07000000},{"Time":"2019-04-01T02:46:27","Situation":"flat","Id":"20278292","Type":"market","Side":"buy","OrderTime":"2019-04-01T02:41:29","Price":17.51010000,"Amount":708.39000000},{"Time":"2019-04-01T02:46:27","Situation":"flat","Id":"20278337","Type":"market","Side":"buy","OrderTime":"2019-04-01T02:43:33","Price":17.51290000,"Amount":825.67000000},{"Time":"2019-04-01T02:46:27","Situation":"flat","Id":"20278347","Type":"market","Side":"sell","OrderTime":"2019-04-01T02:44:06","Price":17.51230000,"Amount":636.01000000},{"Time":"2019-04-01T02:46:27","Situation":"flat","Id":"20278349","Type":"market","Side":"buy","OrderTime":"2019-04-01T02:44:39","Price":17.51220000,"Amount":748.78000000},{"Time":"2019-04-01T02:46:27","Situation":"flat","Id":"20278359","Type":"market","Side":"sell","OrderTime":"2019-04-01T02:45:04","Price":17.50000000,"Amount":1204.57000000},{"Time":"2019-04-01T02:46:27","Situation":"flat","Id":"20278363","Type":"market","Side":"buy","OrderTime":"2019-04-01T02:45:10","Price":17.51210000,"Amount":523.53000000},{"Time":"2019-04-01T02:46:27","Situation":"flat","Id":"20278378","Type":"market","Side":"sell","OrderTime":"2019-04-01T02:45:35","Price":17.50480000,"Amount":812.25000000},{"Time":"2019-04-01T02:56:26","Situation":"trend","Id":"20278544","Type":"market","Side":"buy","OrderTime":"2019-04-01T02:51:42","Price":17.51000000,"Amount":742.15000000},{"Time":"2019-04-01T02:56:26","Situation":"trend","Id":"20278547","Type":"market","Side":"buy","OrderTime":"2019-04-01T02:51:42","Price":17.51000000,"Amount":1694.61000000},{"Time":"2019-04-01T02:56:26","Situation":"trend","Id":"20278671","Type":"market","Side":"sell","OrderTime":"2019-04-01T02:55:07","Price":17.46200000,"Amount":675.00000000},{"Time":"2019-04-01T02:56:26","Situation":"trend","Id":"20278688","Type":"market","Side":"sell","OrderTime":"2019-04-01T02:55:49","Price":17.46200000,"Amount":4947.12000000},{"Time":"2019-04-01T02:56:26","Situation":"trend","Id":"20278696","Type":"market","Side":"sell","OrderTime":"2019-04-01T02:55:49","Price":17.45000000,"Amount":1772.99000000},{"Time":"2019-04-01T03:01:27","Situation":"flat","Id":"20278885","Type":"market","Side":"sell","OrderTime":"2019-04-01T02:59:45","Price":17.39630000,"Amount":906.37000000},{"Time":"2019-04-01T03:01:27","Situation":"flat","Id":"20278941","Type":"market","Side":"buy","OrderTime":"2019-04-01T03:00:41","Price":17.40750000,"Amount":502.59000000},{"Time":"2019-04-01T03:06:31","Situation":"flat","Id":"20279031","Type":"market","Side":"buy","OrderTime":"2019-04-01T03:03:19","Price":17.42750000,"Amount":752.61000000},{"Time":"2019-04-01T03:06:31","Situation":"flat","Id":"20279041","Type":"market","Side":"sell","OrderTime":"2019-04-01T03:03:44","Price":17.42900000,"Amount":826.95000000},{"Time":"2019-04-01T03:06:31","Situation":"flat","Id":"20279062","Type":"market","Side":"sell","OrderTime":"2019-04-01T03:04:47","Price":17.41870000,"Amount":810.35000000},{"Time":"2019-04-01T03:06:31","Situation":"flat","Id":"20279067","Type":"market","Side":"sell","OrderTime":"2019-04-01T03:05:55","Price":17.41100000,"Amount":503.70000000},{"Time":"2019-04-01T03:11:32","Situation":"flat","Id":"20279096","Type":"market","Side":"buy","OrderTime":"2019-04-01T03:06:52","Price":17.41600000,"Amount":703.85000000},{"Time":"2019-04-01T03:11:32","Situation":"flat","Id":"20279121","Type":"market","Side":"buy","OrderTime":"2019-04-01T03:07:56","Price":17.43350000,"Amount":546.29000000},{"Time":"2019-04-01T03:11:32","Situation":"flat","Id":"20279128","Type":"market","Side":"buy","OrderTime":"2019-04-01T03:08:37","Price":17.42430000,"Amount":957.48000000},{"Time":"2019-04-01T03:11:32","Situation":"flat","Id":"20279150","Type":"market","Side":"sell","OrderTime":"2019-04-01T03:09:27","Price":17.41430000,"Amount":512.01000000},{"Time":"2019-04-01T03:11:32","Situation":"flat","Id":"20279171","Type":"market","Side":"buy","OrderTime":"2019-04-01T03:10:40","Price":17.41320000,"Amount":922.29000000},{"Time":"2019-04-01T03:16:36","Situation":"flat","Id":"20279224","Type":"market","Side":"buy","OrderTime":"2019-04-01T03:14:19","Price":17.43050000,"Amount":587.25000000},{"Time":"2019-04-01T03:16:36","Situation":"flat","Id":"20279315","Type":"market","Side":"sell","OrderTime":"2019-04-01T03:16:17","Price":17.44630000,"Amount":614.36000000},{"Time":"2019-04-01T03:21:40","Situation":"flat","Id":"20279407","Type":"market","Side":"sell","OrderTime":"2019-04-01T03:21:24","Price":17.44190000,"Amount":687.30000000}