{"OrderBookAsks":[{"Time":"2019-04-16T00:01:55","Situation":"flat","Type":"ask","Price":119.17000000,"Amount":154.00000000,"Done":false},{"Time":"2019-04-16T00:06:55","Situation":"flat","Type":"ask","Price":119.17000000,"Amount":154.00000000,"Done":false},{"Time":"2019-04-16T00:11:55","Situation":"flat","Type":"ask","Price":118.80000000,"Amount":154.84300000,"Done":false},{"Time":"2019-04-16T00:16:56","Situation":"flat","Type":"ask","Price":118.82000000,"Amount":154.00000000,"Done":false},{"Time":"2019-04-16T00:21:56","Situation":"flat","Type":"ask","Price":118.82000000,"Amount":154.00000000,"Done":false},{"Time":"2019-04-16T00:27:00","Situation":"flat","Type":"ask","Price":119.20000000,"Amount":154.00000000,"Done":false},{"Time":"2019-04-16T00:32:00","Situation":"flat","Type":"ask","Price":119.20000000,"Amount":154.00000000,"Done":false},{"Time":"2019-04-16T00:37:05","Situation":"flat","Type":"ask","Price":119.20000000,"Amount":154.00000000,"Done":false},{"Time":"2019-04-16T00:42:06","Situation":"flat","Type":"ask","Price":119.20000000,"Amount":154.00000000,"Done":false},{"Time":"2019-04-16T00:47:07","Situation":"flat","Type":"ask","Price":119.20000000,"Amount":154.00000000,"Done":false},{"Time":"2019-04-16T00:52:08","Situation":"flat","Type":"ask","Price":118.78000000,"Amount":184.00000000,"Done":false},{"Time":"2019-04-16T00:57:11","Situation":"flat","Type":"ask","Price":118.78000000,"Amount":154.00000000,"Done":false},{"Time":"2019-04-16T01:02:15","Situation":"flat","Type":"ask","Price":118.78000000,"Amount":154.00000000,"Done":false},{"Time":"2019-04-16T01:07:18","Situation":"flat","Type":"ask","Price":118.78000000,"Amount":154.00000000,"Done":false},{"Time":"2019-04-16T01:12:20","Situation":"flat","Type":"ask","Price":118.78000000,"Amount":154.00000000,"Done":false},{"Time":"2019-04-16T01:17:23","Situation":"flat","Type":"ask","Price":118.78000000,"Amount":154.00000000,"Done":false},{"Time":"2019-04-16T01:22:24","Situation":"flat","Type":"ask","Price":118.78000000,"Amount":154.00000000,"Done":false},{"Time":"2019-04-16T01:27:24","Situation":"flat","Type":"ask","Price":118.78000000,"Amount":154.00000000,"Done":false},{"Time":"2019-04-16T01:32:27","Situation":"flat","Type":"ask","Price":118.78000000,"Amount":154.00000000,"Done":false},{"Time":"2019-04-16T01:37:30","Situation":"flat","Type":"ask","Price":118.78000000,"Amount":154.00000000,"Done":false},{"Time":"2019-04-16T01:42:33","Situation":"flat","Type":"ask","Price":118.78000000,"Amount":154.00000000,"Done":false},{"Time":"2019-04-16T01:47:33","Situation":"flat","Type":"ask","Price":118.78000000,"Amount":154.00000000,"Done":false},{"Time":"2019-04-16T01:52:34","Situation":"flat","Type":"ask","Price":118.78000000,"Amount":154.00000000,"Done":false},{"Time":"2019-04-16T01:57:35","Situation":"flat","Type":"ask","Price":119.13000000,"Amount":154.00000000,"Done":false},{"Time":"2019-04-16T02:02:35","Situation":"flat","Type":"ask","Price":118.73000000,"Amount":154.00000000,"Done":false},{"Time":"2019-04-16T02:07:39","Situation":"flat","Type":"ask","Price":119.08000000,"Amount":154.00000000,"Done":false},{"Time":"2019-04-16T02:12:40","Situation":"flat","Type":"ask","Price":119.08000000,"Amount":154.00000000,"Done":false},{"Time":"2019-04-16T02:17:43","Situation":"flat","Type":"ask","Price":119.04000000,"Amount":154.00000000,"Done":false},{"Time":"2019-04-16T02:22:46","Situation":"flat","Type":"ask","Price":119.04000000,"Amount":154.00000000,"Done":false},{"Time":"2019-04-16T02:27:50","Situation":"flat","Type":"ask","Price":119.04000000,"Amount":154.00000000,"Done":false},{"Time":"2019-04-16T02:32:53","Situation":"flat","Type":"ask","Price":118.67000000,"Amount":154.00000000,"Done":false},{"Time":"2019-04-16T02:37:57","Situation":"flat","Type":"ask","Price":118.67000000,"Amount":154.00000000,"Done":false},{"Time":"2019-04-16T02:43:00","Situation":"flat","Type":"ask","Price":118.67000000,"Amount":154.00000000,"Done":false},{"Time":"2019-04-16T02:48:04","Situation":"flat","Type":"ask","Price":118.67000000,"Amount":154.00000000,"Done":false},{"Time":"2019-04-16T02:53:06","Situation":"flat","Type":"ask","Price":118.67000000,"Amount":154.00000000,"Done":false},{"Time":"2019-04-16T02:58:09","Situation":"flat","Type":"ask","Price":118.67000000,"Amount":154.00000000,"Done":false},{"Time":"2019-04-16T03:03:13","Situation":"flat","Type":"ask","Price":118.67000000,"Amount":154.00000000,"Done":false},{"Time":"2019-04-16T03:08:13","Situation":"flat","Type":"ask","Price":118.67000000,"Amount":154.00000000,"Done":false},{"Time":"2019-04-16T03:13:13","Situation":"flat","Type":"ask","Price":118.67000000,"Amount":154.00000000,"Done":false},{"Time":"2019-04-16T03:18:15","Situation":"flat","Type":"ask","Price":118.67000000,"Amount":154.00000000,"Done":false},{"Time":"2019-04-16T03:23:16","Situation":"flat","Type":"ask","Price":118.67000000,"Amount":154.00000000,"Done":false},{"Time":"2019-04-16T03:28:17","Situation":"flat","Type":"ask","Price":118.67000000,"Amount":154.00000000,"Done":false},{"Time":"2019-04-16T03:33:18","Situation":"flat","Type":"ask","Price":119.04000000,"Amount":154.00000000,"Done":false},{"Time":"2019-04-16T03:38:19","Situation":"flat","Type":"ask","Price":119.04000000,"Amount":154.00000000,"Done":false},{"Time":"2019-04-16T03:43:19","Situation":"flat","Type":"ask","Price":119.44000000,"Amount":154.00000000,"Done":false},{"Time":"2019-04-16T03:48:20","Situation":"flat","Type":"ask","Price":119.44000000,"Amount":154.00000000,"Done":false},{"Time":"2019-04-16T03:53:24","Situation":"flat","Type":"ask","Price":119.44000000,"Amount":154.00000000,"Done":false},{"Time":"2019-04-16T03:58:27","Situation":"flat","Type":"ask","Price":119.44000000,"Amount":154.00000000,"Done":false},{"Time":"2019-04-16T04:03:31","Situation":"flat","Type":"ask","Price":119.44000000,"Amount":154.00000000,"Done":false},{"Time":"2019-04-16T04:08:31","Situation":"flat","Type":"ask","Price":119.44000000,"Amount":154.00000000,"Done":false},{"Time":"2019-04-16T04:13:33","Situation":"flat","Type":"ask","Price":119.44000000,"Amount":154.00000000,"Done":false},{"Time":"2019-04-16T04:18:35","Situation":"flat","Type":"ask","Price":119.44000000,"Amount":154.00000000,"Done":false},{"Time":"2019-04-16T04:23:35","Situation":"flat","Type":"ask","Price":119.44000000,"Amount":154.00000000,"Done":false},{"Time":"2019-04-16T04:28:37","Situation":"flat","Type":"ask","Price":119.44000000,"Amount":154.00000000,"Done":false},{"Time":"2019-04-16T04:33:39","Situation":"flat","Type":"ask","Price":119.44000000,"Amount":154.00000000,"Done":false},{"Time":"2019-04-16T04:38:41","Situation":"flat","Type":"ask","Price":119.44000000,"Amount":154.00000000,"Done":false},{"Time":"2019-04-16T04:43:41","Situation":"flat","Type":"ask","Price":119.44000000,"Amount":154.00000000,"Done":false},{"Time":"2019-04-16T04:48:43","Situation":"flat","Type":"ask","Price":119.44000000,"Amount":154.00000000,"Done":false},{"Time":"2019-04-16T04:53:45","Situation":"flat","Type":"ask","Price":119.44000000,"Amount":154.00000000,"Done":false},{"Time":"2019-04-16T04:58:46","Situation":"flat","Type":"ask","Price":119.44000000,"Amount":154.00000000,"Done":false},{"Time":"2019-04-16T05:03:50","Situation":"flat","Type":"ask","Price":119.10000000,"Amount":154.11924000,"Done":false},{"Time":"2019-04-16T05:08:50","Situation":"flat","Type":"ask","Price":119.10000000,"Amount":154.11924000,"Done":false},{"Time":"2019-04-16T05:13:53","Situation":"flat","Type":"ask","Price":119.10000000,"Amount":154.11924000,"Done":false},{"Time":"2019-04-16T05:18:55","Situation":"flat","Type":"ask","Price":119.10000000,"Amount":154.11924000,"Done":false},{"Time":"2019-04-16T05:23:57","Situation":"flat","Type":"ask","Price":119.10000000,"Amount":154.11924000,"Done":false},{"Time":"2019-04-16T05:27:16","Situation":"trend","Type":"ask","Price":119.47000000,"Amount":154.00000000,"Done":false},{"Time":"2019-04-16T05:32:20","Situation":"flat","Type":"ask","Price":119.47000000,"Amount":154.00000000,"Done":false},{"Time":"2019-04-16T05:37:23","Situation":"flat","Type":"ask","Price":119.47000000,"Amount":154.00000000,"Done":false},{"Time":"2019-04-16T05:42:26","Situation":"flat","Type":"ask","Price":119.47000000,"Amount":154.00000000,"Done":false},{"Time":"2019-04-16T05:47:28","Situation":"flat","Type":"ask","Price":119.47000000,"Amount":154.00000000,"Done":false},{"Time":"2019-04-16T05:52:31","Situation":"flat","Type":"ask","Price":119.47000000,"Amount":154.00000000,"Done":false},{"Time":"2019-04-16T05:57:31","Situation":"flat","Type":"ask","Price":119.47000000,"Amount":154.00000000,"Done":false},{"Time":"2019-04-16T06:02:35","Situation":"flat","Type":"ask","Price":119.47000000,"Amount":154.00000000,"Done":false},{"Time":"2019-04-16T06:07:35","Situation":"flat","Type":"ask","Price":119.47000000,"Amount":154.00000000,"Done":false},{"Time":"2019-04-16T06:12:36","Situation":"flat","Type":"ask","Price":119.47000000,"Amount":154.00000000,"Done":false},{"Time":"2019-04-16T06:17:37","Situation":"flat","Type":"ask","Price":119.47000000,"Amount":154.00000000,"Done":false},{"Time":"2019-04-16T06:22:41","Situation":"flat","Type":"ask","Price":119.47000000,"Amount":154.00000000,"Done":false},{"Time":"2019-04-16T06:27:45","Situation":"flat","Type":"ask","Price":119.47000000,"Amount":154.00000000,"Done":false},{"Time":"2019-04-16T06:32:46","Situation":"flat","Type":"ask","Price":119.47000000,"Amount":155.34500000,"Done":false},{"Time":"2019-04-16T06:37:48","Situation":"flat","Type":"ask","Price":119.47000000,"Amount":156.69000000,"Done":false},{"Time":"2019-04-16T06:42:50","Situation":"flat","Type":"ask","Price":119.47000000,"Amount":155.34500000,"Done":false},{"Time":"2019-04-16T06:47:50","Situation":"flat","Type":"ask","Price":119.47000000,"Amount":155.34500000,"Done":false},{"Time":"2019-04-16T06:52:51","Situation":"flat","Type":"ask","Price":119.47000000,"Amount":155.34500000,"Done":false},{"Time":"2019-04-16T06:57:51","Situation":"flat","Type":"ask","Price":119.47000000,"Amount":155.34500000,"Done":false},{"Time":"2019-04-16T07:02:52","Situation":"flat","Type":"ask","Price":119.47000000,"Amount":156.18600000,"Done":false},{"Time":"2019-04-16T07:07:55","Situation":"flat","Type":"ask","Price":119.47000000,"Amount":155.34500000,"Done":false},{"Time":"2019-04-16T07:12:55","Situation":"flat","Type":"ask","Price":119.47000000,"Amount":155.34500000,"Done":false},{"Time":"2019-04-16T07:17:55","Situation":"flat","Type":"ask","Price":119.47000000,"Amount":155.34500000,"Done":false},{"Time":"2019-04-16T07:22:59","Situation":"flat","Type":"ask","Price":119.82000000,"Amount":154.00000000,"Done":false},{"Time":"2019-04-16T07:28:05","Situation":"flat","Type":"ask","Price":119.82000000,"Amount":154.00000000,"Done":false},{"Time":"2019-04-16T07:33:09","Situation":"flat","Type":"ask","Price":119.82000000,"Amount":154.00000000,"Done":false},{"Time":"2019-04-16T07:38:10","Situation":"flat","Type":"ask","Price":119.82000000,"Amount":154.00000000,"Done":false},{"Time":"2019-04-16T07:43:10","Situation":"flat","Type":"ask","Price":119.82000000,"Amount":154.00000000,"Done":false},{"Time":"2019-04-16T07:48:10","Situation":"flat","Type":"ask","Price":119.82000000,"Amount":154.00000000,"Done":false},{"Time":"2019-04-16T07:53:11","Situation":"flat","Type":"ask","Price":119.82000000,"Amount":154.00000000,"Done":false},{"Time":"2019-04-16T07:58:11","Situation":"flat","Type":"ask","Price":119.82000000,"Amount":154.00000000,"Done":false},{"Time":"2019-04-16T08:03:14","Situation":"flat","Type":"ask","Price":119.82000000,"Amount":154.00000000,"Done":false},{"Time":"2019-04-16T08:08:16","Situation":"flat","Type":"ask","Price":119.82000000,"Amount":154.00000000,"Done":false},{"Time":"2019-04-16T08:13:16","Situation":"flat","Type":"ask","Price":119.82000000,"Amount":154.00000000,"Done":false},{"Time":"2019-04-16T08:18:20","Situation":"flat","Type":"ask","Price":119.82000000,"Amount":154.00000000,"Done":false},{"Time":"2019-04-16T08:23:21","Situation":"flat","Type":"ask","Price":119.82000000,"Amount":154.00000000,"Done":false},{"Time":"2019-04-16T08:28:25","Situation":"flat","Type":"ask","Price":119.82000000,"Amount":154.00000000,"Done":false},{"Time":"2019-04-16T08:33:25","Situation":"flat","Type":"ask","Price":119.82000000,"Amount":154.00000000,"Done":false},{"Time":"2019-04-16T08:38:29","Situation":"flat","Type":"ask","Price":119.82000000,"Amount":154.00000000,"Done":false},{"Time":"2019-04-16T08:43:33","Situation":"flat","Type":"ask","Price":119.82000000,"Amount":154.00000000,"Done":false},{"Time":"2019-04-16T08:48:33","Situation":"flat","Type":"ask","Price":120.33000000,"Amount":154.00000000,"Done":false},{"Time":"2019-04-16T08:53:36","Situation":"flat","Type":"ask","Price":120.33000000,"Amount":154.00000000,"Done":false},{"Time":"2019-04-16T08:58:36","Situation":"flat","Type":"ask","Price":119.98000000,"Amount":154.00000000,"Done":false},{"Time":"2019-04-16T09:03:36","Situation":"flat","Type":"ask","Price":119.98000000,"Amount":154.00000000,"Done":false},{"Time":"2019-04-16T09:08:40","Situation":"flat","Type":"ask","Price":119.98000000,"Amount":154.00000000,"Done":false},{"Time":"2019-04-16T09:13:43","Situation":"flat","Type":"ask","Price":119.98000000,"Amount":154.00000000,"Done":false},{"Time":"2019-04-16T09:18:43","Situation":"flat","Type":"ask","Price":119.98000000,"Amount":154.00000000,"Done":false},{"Time":"2019-04-16T09:23:45","Situation":"flat","Type":"ask","Price":119.98000000,"Amount":154.83800000,"Done":false},{"Time":"2019-04-16T09:28:47","Situation":"flat","Type":"ask","Price":119.98000000,"Amount":154.00000000,"Done":false},{"Time":"2019-04-16T09:33:50","Situation":"flat","Type":"ask","Price":119.98000000,"Amount":154.00000000,"Done":false},{"Time":"2019-04-16T09:36:14","Situation":"trend","Type":"ask","Price":119.98000000,"Amount":154.00000000,"Done":false},{"Time":"2019-04-16T09:41:15","Situation":"flat","Type":"ask","Price":119.65000000,"Amount":154.00000000,"Done":false},{"Time":"2019-04-16T09:46:15","Situation":"flat","Type":"ask","Price":119.65000000,"Amount":154.00000000,"Done":false},{"Time":"2019-04-16T09:51:15","Situation":"flat","Type":"ask","Price":119.65000000,"Amount":154.00000000,"Done":false},{"Time":"2019-04-16T09:56:15","Situation":"flat","Type":"ask","Price":119.65000000,"Amount":154.00000000,"Done":false},{"Time":"2019-04-16T10:01:15","Situation":"flat","Type":"ask","Price":119.65000000,"Amount":154.00000000,"Done":false},{"Time":"2019-04-16T10:02:00","Situation":"trend","Type":"ask","Price":119.65000000,"Amount":154.00000000,"Done":false},{"Time":"2019-04-16T10:07:01","Situation":"flat","Type":"ask","Price":119.65000000,"Amount":154.00000000,"Done":false},{"Time":"2019-04-16T10:12:02","Situation":"flat","Type":"ask","Price":119.32000000,"Amount":154.00000000,"Done":false},{"Time":"2019-04-16T10:17:04","Situation":"flat","Type":"ask","Price":119.32000000,"Amount":154.00000000,"Done":false},{"Time":"2019-04-16T10:22:05","Situation":"flat","Type":"ask","Price":119.32000000,"Amount":154.00000000,"Done":false},{"Time":"2019-04-16T10:27:05","Situation":"flat","Type":"ask","Price":119.32000000,"Amount":154.00000000,"Done":false},{"Time":"2019-04-16T10:32:06","Situation":"flat","Type":"ask","Price":118.89000000,"Amount":154.00000000,"Done":false},{"Time":"2019-04-16T10:37:08","Situation":"flat","Type":"ask","Price":118.89000000,"Amount":154.00000000,"Done":false},{"Time":"2019-04-16T10:42:08","Situation":"flat","Type":"ask","Price":118.89000000,"Amount":154.00000000,"Done":false},{"Time":"2019-04-16T10:47:09","Situation":"flat","Type":"ask","Price":118.61000000,"Amount":154.00000000,"Done":false},{"Time":"2019-04-16T10:52:12","Situation":"flat","Type":"ask","Price":118.27000000,"Amount":154.00000000,"Done":false},{"Time":"2019-04-16T10:57:16","Situation":"flat","Type":"ask","Price":118.27000000,"Amount":154.00000000,"Done":false},{"Time":"2019-04-16T11:02:19","Situation":"flat","Type":"ask","Price":118.27000000,"Amount":154.00000000,"Done":false},{"Time":"2019-04-16T11:07:19","Situation":"flat","Type":"ask","Price":118.27000000,"Amount":154.00000000,"Done":false},{"Time":"2019-04-16T11:12:20","Situation":"flat","Type":"ask","Price":118.27000000,"Amount":154.00000000,"Done":false},{"Time":"2019-04-16T11:17:20","Situation":"flat","Type":"ask","Price":118.27000000,"Amount":154.00000000,"Done":false},{"Time":"2019-04-16T11:22:20","Situation":"flat","Type":"ask","Price":118.61000000,"Amount":154.00000000,"Done":false},{"Time":"2019-04-16T11:27:22","Situation":"flat","Type":"ask","Price":118.61000000,"Amount":154.00000000,"Done":false},{"Time":"2019-04-16T11:32:26","Situation":"flat","Type":"ask","Price":118.61000000,"Amount":154.00000000,"Done":false},{"Time":"2019-04-16T11:37:29","Situation":"flat","Type":"ask","Price":118.61000000,"Amount":154.00000000,"Done":false},{"Time":"2019-04-16T11:42:30","Situation":"flat","Type":"ask","Price":118.61000000,"Amount":154.00000000,"Done":false},{"Time":"2019-04-16T11:47:30","Situation":"flat","Type":"ask","Price":118.61000000,"Amount":154.00000000,"Done":false},{"Time":"2019-04-16T11:52:33","Situation":"flat","Type":"ask","Price":118.61000000,"Amount":154.00000000,"Done":false},{"Time":"2019-04-16T11:57:37","Situation":"flat","Type":"ask","Price":118.61000000,"Amount":154.00000000,"Done":false},{"Time":"2019-04-16T12:02:38","Situation":"flat","Type":"ask","Price":118.61000000,"Amount":154.00000000,"Done":false},{"Time":"2019-04-16T12:07:39","Situation":"flat","Type":"ask","Price":118.61000000,"Amount":154.00000000,"Done":false},{"Time":"2019-04-16T12:12:40","Situation":"flat","Type":"ask","Price":118.61000000,"Amount":154.00000000,"Done":false},{"Time":"2019-04-16T12:17:43","Situation":"flat","Type":"ask","Price":118.61000000,"Amount":154.00000000,"Done":false},{"Time":"2019-04-16T12:22:45","Situation":"flat","Type":"ask","Price":118.27000000,"Amount":154.00000000,"Done":false},{"Time":"2019-04-16T12:27:46","Situation":"flat","Type":"ask","Price":118.27000000,"Amount":154.00000000,"Done":false},{"Time":"2019-04-16T12:31:26","Situation":"trend","Type":"ask","Price":117.92000000,"Amount":154.00000000,"Done":false},{"Time":"2019-04-16T12:36:30","Situation":"flat","Type":"ask","Price":117.92000000,"Amount":157.07200000,"Done":false},{"Time":"2019-04-16T12:41:30","Situation":"flat","Type":"ask","Price":117.92000000,"Amount":160.00139000,"Done":false},{"Time":"2019-04-16T12:46:32","Situation":"flat","Type":"ask","Price":117.53000000,"Amount":157.07600000,"Done":false},{"Time":"2019-04-16T12:51:35","Situation":"flat","Type":"ask","Price":117.53000000,"Amount":157.07600000,"Done":false},{"Time":"2019-04-16T12:56:36","Situation":"flat","Type":"ask","Price":117.93000000,"Amount":154.00000000,"Done":false}],"OrderBookBids":[{"Time":"2019-04-16T00:01:55","Situation":"flat","Type":"bid","Price":117.49000000,"Amount":154.00000000,"Done":false},{"Time":"2019-04-16T00:06:55","Situation":"flat","Type":"bid","Price":117.16000000,"Amount":154.00000000,"Done":false},{"Time":"2019-04-16T00:11:55","Situation":"flat","Type":"bid","Price":117.16000000,"Amount":154.00000000,"Done":false},{"Time":"2019-04-16T00:16:56","Situation":"flat","Type":"bid","Price":117.16000000,"Amount":154.00000000,"Done":false},{"Time":"2019-04-16T00:21:56","Situation":"flat","Type":"bid","Price":117.16000000,"Amount":154.00000000,"Done":false},{"Time":"2019-04-16T00:27:00","Situation":"flat","Type":"bid","Price":117.16000000,"Amount":154.00000000,"Done":false},{"Time":"2019-04-16T00:32:00","Situation":"flat","Type":"bid","Price":117.16000000,"Amount":154.00000000,"Done":false},{"Time":"2019-04-16T00:37:05","Situation":"flat","Type":"bid","Price":117.16000000,"Amount":154.00000000,"Done":false},{"Time":"2019-04-16T00:42:06","Situation":"flat","Type":"bid","Price":117.16000000,"Amount":154.00000000,"Done":false},{"Time":"2019-04-16T00:47:07","Situation":"flat","Type":"bid","Price":117.50000000,"Amount":154.00000000,"Done":false},{"Time":"2019-04-16T00:52:08","Situation":"flat","Type":"bid","Price":117.16000000,"Amount":154.00000000,"Done":false},{"Time":"2019-04-16T00:57:11","Situation":"flat","Type":"bid","Price":117.16000000,"Amount":154.00000000,"Done":false},{"Time":"2019-04-16T01:02:15","Situation":"flat","Type":"bid","Price":117.16000000,"Amount":154.00000000,"Done":false},{"Time":"2019-04-16T01:07:18","Situation":"flat","Type":"bid","Price":117.16000000,"Amount":154.00000000,"Done":false},{"Time":"2019-04-16T01:12:20","Situation":"flat","Type":"bid","Price":117.16000000,"Amount":154.00000000,"Done":false},{"Time":"2019-04-16T01:17:23","Situation":"flat","Type":"bid","Price":117.16000000,"Amount":154.00000000,"Done":false},{"Time":"2019-04-16T01:22:24","Situation":"flat","Type":"bid","Price":117.16000000,"Amount":154.00000000,"Done":false},{"Time":"2019-04-16T01:27:24","Situation":"flat","Type":"bid","Price":117.16000000,"Amount":154.38597000,"Done":false},{"Time":"2019-04-16T01:32:27","Situation":"flat","Type":"bid","Price":117.16000000,"Amount":154.51377000,"Done":false},{"Time":"2019-04-16T01:37:30","Situation":"flat","Type":"bid","Price":117.16000000,"Amount":154.00000000,"Done":false},{"Time":"2019-04-16T01:42:33","Situation":"flat","Type":"bid","Price":117.16000000,"Amount":154.00000000,"Done":false},{"Time":"2019-04-16T01:47:33","Situation":"flat","Type":"bid","Price":117.16000000,"Amount":154.00000000,"Done":false},{"Time":"2019-04-16T01:52:34","Situation":"flat","Type":"bid","Price":117.16000000,"Amount":154.12780000,"Done":false},{"Time":"2019-04-16T01:57:35","Situation":"flat","Type":"bid","Price":117.16000000,"Amount":154.00000000,"Done":false},{"Time":"2019-04-16T02:02:35","Situation":"flat","Type":"bid","Price":117.16000000,"Amount":154.38597000,"Done":false},{"Time":"2019-04-16T02:07:39","Situation":"flat","Type":"bid","Price":117.16000000,"Amount":154.00000000,"Done":false},{"Time":"2019-04-16T02:12:40","Situation":"flat","Type":"bid","Price":117.16000000,"Amount":154.00000000,"Done":false},{"Time":"2019-04-16T02:17:43","Situation":"flat","Type":"bid","Price":117.32000000,"Amount":154.00000000,"Done":false},{"Time":"2019-04-16T02:22:46","Situation":"flat","Type":"bid","Price":117.32000000,"Amount":154.00000000,"Done":false},{"Time":"2019-04-16T02:27:50","Situation":"flat","Type":"bid","Price":117.32000000,"Amount":154.00000000,"Done":false},{"Time":"2019-04-16T02:32:53","Situation":"flat","Type":"bid","Price":116.96000000,"Amount":154.00000000,"Done":false},{"Time":"2019-04-16T02:37:57","Situation":"flat","Type":"bid","Price":116.96000000,"Amount":154.00000000,"Done":false},{"Time":"2019-04-16T02:43:00","Situation":"flat","Type":"bid","Price":116.61000000,"Amount":154.16979000,"Done":false},{"Time":"2019-04-16T02:48:04","Situation":"flat","Type":"bid","Price":116.61000000,"Amount":154.16979000,"Done":false},{"Time":"2019-04-16T02:53:06","Situation":"flat","Type":"bid","Price":116.97000000,"Amount":154.00000000,"Done":false},{"Time":"2019-04-16T02:58:09","Situation":"flat","Type":"bid","Price":116.97000000,"Amount":154.00000000,"Done":false},{"Time":"2019-04-16T03:03:13","Situation":"flat","Type":"bid","Price":116.97000000,"Amount":154.00000000,"Done":false},{"Time":"2019-04-16T03:08:13","Situation":"flat","Type":"bid","Price":116.97000000,"Amount":154.00000000,"Done":false},{"Time":"2019-04-16T03:13:13","Situation":"flat","Type":"bid","Price":116.97000000,"Amount":154.00000000,"Done":false},{"Time":"2019-04-16T03:18:15","Situation":"flat","Type":"bid","Price":116.97000000,"Amount":154.00000000,"Done":false},{"Time":"2019-04-16T03:23:16","Situation":"flat","Type":"bid","Price":116.97000000,"Amount":154.00000000,"Done":false},{"Time":"2019-04-16T03:28:17","Situation":"flat","Type":"bid","Price":116.97000000,"Amount":154.00000000,"Done":false},{"Time":"2019-04-16T03:33:18","Situation":"flat","Type":"bid","Price":116.97000000,"Amount":154.00000000,"Done":false},{"Time":"2019-04-16T03:38:19","Situation":"flat","Type":"bid","Price":117.30000000,"Amount":156.23155000,"Done":false},{"Time":"2019-04-16T03:43:19","Situation":"flat","Type":"bid","Price":117.70000000,"Amount":154.00000000,"Done":false},{"Time":"2019-04-16T03:48:20","Situation":"flat","Type":"bid","Price":117.70000000,"Amount":154.00000000,"Done":false},{"Time":"2019-04-16T03:53:24","Situation":"flat","Type":"bid","Price":117.70000000,"Amount":154.00000000,"Done":false},{"Time":"2019-04-16T03:58:27","Situation":"flat","Type":"bid","Price":117.70000000,"Amount":154.00000000,"Done":false},{"Time":"2019-04-16T04:03:31","Situation":"flat","Type":"bid","Price":117.70000000,"Amount":154.00000000,"Done":false},{"Time":"2019-04-16T04:08:31","Situation":"flat","Type":"bid","Price":117.70000000,"Amount":154.00000000,"Done":false},{"Time":"2019-04-16T04:13:33","Situation":"flat","Type":"bid","Price":117.70000000,"Amount":154.00000000,"Done":false},{"Time":"2019-04-16T04:18:35","Situation":"flat","Type":"bid","Price":117.70000000,"Amount":154.00000000,"Done":false},{"Time":"2019-04-16T04:23:35","Situation":"flat","Type":"bid","Price":117.70000000,"Amount":154.00000000,"Done":false},{"Time":"2019-04-16T04:28:37","Situation":"flat","Type":"bid","Price":117.70000000,"Amount":154.00000000,"Done":false},{"Time":"2019-04-16T04:33:39","Situation":"flat","Type":"bid","Price":117.70000000,"Amount":154.00000000,"Done":false},{"Time":"2019-04-16T04:38:41","Situation":"flat","Type":"bid","Price":117.70000000,"Amount":154.00000000,"Done":false},{"Time":"2019-04-16T04:43:41","Situation":"flat","Type":"bid","Price":117.70000000,"Amount":154.00000000,"Done":false},{"Time":"2019-04-16T04:48:43","Situation":"flat","Type":"bid","Price":117.70000000,"Amount":154.00000000,"Done":false},{"Time":"2019-04-16T04:53:45","Situation":"flat","Type":"bid","Price":117.70000000,"Amount":154.00000000,"Done":false},{"Time":"2019-04-16T04:58:46","Situation":"flat","Type":"bid","Price":117.70000000,"Amount":154.00000000,"Done":false},{"Time":"2019-04-16T05:03:50","Situation":"flat","Type":"bid","Price":117.29000000,"Amount":155.57140000,"Done":false},{"Time":"2019-04-16T05:08:50","Situation":"flat","Type":"bid","Price":117.29000000,"Amount":155.57140000,"Done":false},{"Time":"2019-04-16T05:13:53","Situation":"flat","Type":"bid","Price":117.29000000,"Amount":155.57140000,"Done":false},{"Time":"2019-04-16T05:18:55","Situation":"flat","Type":"bid","Price":117.29000000,"Amount":155.57140000,"Done":false},{"Time":"2019-04-16T05:23:57","Situation":"flat","Type":"bid","Price":117.29000000,"Amount":155.14917000,"Done":false},{"Time":"2019-04-16T05:27:16","Situation":"trend","Type":"bid","Price":117.63000000,"Amount":154.00000000,"Done":false},{"Time":"2019-04-16T05:32:20","Situation":"flat","Type":"bid","Price":117.59000000,"Amount":154.00000000,"Done":false},{"Time":"2019-04-16T05:37:23","Situation":"flat","Type":"bid","Price":117.59000000,"Amount":154.00000000,"Done":false},{"Time":"2019-04-16T05:42:26","Situation":"flat","Type":"bid","Price":117.98000000,"Amount":155.69000000,"Done":false},{"Time":"2019-04-16T05:47:28","Situation":"flat","Type":"bid","Price":117.98000000,"Amount":155.69000000,"Done":false},{"Time":"2019-04-16T05:52:31","Situation":"flat","Type":"bid","Price":117.98000000,"Amount":155.69000000,"Done":false},{"Time":"2019-04-16T05:57:31","Situation":"flat","Type":"bid","Price":117.56000000,"Amount":154.00000000,"Done":false},{"Time":"2019-04-16T06:02:35","Situation":"flat","Type":"bid","Price":117.93000000,"Amount":154.00000000,"Done":false},{"Time":"2019-04-16T06:07:35","Situation":"flat","Type":"bid","Price":117.93000000,"Amount":154.00000000,"Done":false},{"Time":"2019-04-16T06:12:36","Situation":"flat","Type":"bid","Price":117.93000000,"Amount":154.00000000,"Done":false},{"Time":"2019-04-16T06:17:37","Situation":"flat","Type":"bid","Price":117.93000000,"Amount":154.00000000,"Done":false},{"Time":"2019-04-16T06:22:41","Situation":"flat","Type":"bid","Price":117.93000000,"Amount":154.00000000,"Done":false},{"Time":"2019-04-16T06:27:45","Situation":"flat","Type":"bid","Price":117.93000000,"Amount":154.00000000,"Done":false},{"Time":"2019-04-16T06:32:46","Situation":"flat","Type":"bid","Price":117.93000000,"Amount":154.00000000,"Done":false},{"Time":"2019-04-16T06:37:48","Situation":"flat","Type":"bid","Price":117.93000000,"Amount":154.00000000,"Done":false},{"Time":"2019-04-16T06:42:50","Situation":"flat","Type":"bid","Price":117.93000000,"Amount":154.00000000,"Done":false},{"Time":"2019-04-16T06:47:50","Situation":"flat","Type":"bid","Price":117.93000000,"Amount":154.00000000,"Done":false},{"Time":"2019-04-16T06:52:51","Situation":"flat","Type":"bid","Price":117.59000000,"Amount":154.00000000,"Done":false},{"Time":"2019-04-16T06:57:51","Situation":"flat","Type":"bid","Price":117.59000000,"Amount":154.00000000,"Done":false},{"Time":"2019-04-16T07:02:52","Situation":"flat","Type":"bid","Price":117.59000000,"Amount":154.00000000,"Done":false},{"Time":"2019-04-16T07:07:55","Situation":"flat","Type":"bid","Price":117.92000000,"Amount":154.00000000,"Done":false},{"Time":"2019-04-16T07:12:55","Situation":"flat","Type":"bid","Price":117.92000000,"Amount":154.00000000,"Done":false},{"Time":"2019-04-16T07:17:55","Situation":"flat","Type":"bid","Price":117.92000000,"Amount":154.00000000,"Done":false},{"Time":"2019-04-16T07:22:59","Situation":"flat","Type":"bid","Price":117.92000000,"Amount":154.00000000,"Done":false},{"Time":"2019-04-16T07:28:05","Situation":"flat","Type":"bid","Price":117.92000000,"Amount":187.92130000,"Done":false},{"Time":"2019-04-16T07:33:09","Situation":"flat","Type":"bid","Price":117.92000000,"Amount":154.00000000,"Done":false},{"Time":"2019-04-16T07:38:10","Situation":"flat","Type":"bid","Price":117.92000000,"Amount":154.00000000,"Done":false},{"Time":"2019-04-16T07:43:10","Situation":"flat","Type":"bid","Price":117.92000000,"Amount":154.00000000,"Done":false},{"Time":"2019-04-16T07:48:10","Situation":"flat","Type":"bid","Price":117.92000000,"Amount":154.00000000,"Done":false},{"Time":"2019-04-16T07:53:11","Situation":"flat","Type":"bid","Price":117.92000000,"Amount":154.00000000,"Done":false},{"Time":"2019-04-16T07:58:11","Situation":"flat","Type":"bid","Price":117.92000000,"Amount":154.00000000,"Done":false},{"Time":"2019-04-16T08:03:14","Situation":"flat","Type":"bid","Price":117.92000000,"Amount":154.00000000,"Done":false},{"Time":"2019-04-16T08:08:16","Situation":"flat","Type":"bid","Price":117.92000000,"Amount":154.00000000,"Done":false},{"Time":"2019-04-16T08:13:16","Situation":"flat","Type":"bid","Price":117.92000000,"Amount":154.00000000,"Done":false},{"Time":"2019-04-16T08:18:20","Situation":"flat","Type":"bid","Price":117.92000000,"Amount":154.00000000,"Done":false},{"Time":"2019-04-16T08:23:21","Situation":"flat","Type":"bid","Price":117.92000000,"Amount":154.00000000,"Done":false},{"Time":"2019-04-16T08:28:25","Situation":"flat","Type":"bid","Price":117.92000000,"Amount":154.00000000,"Done":false},{"Time":"2019-04-16T08:33:25","Situation":"flat","Type":"bid","Price":118.41000000,"Amount":154.00000000,"Done":false},{"Time":"2019-04-16T08:33:25","Situation":"flat","Type":"bid","Price":113.50000000,"Amount":100.00000000,"Done":false},{"Time":"2019-04-16T08:33:25","Situation":"flat","Type":"bid","Price":112.20000000,"Amount":106.00000000,"Done":false},{"Time":"2019-04-16T08:38:29","Situation":"flat","Type":"bid","Price":118.41000000,"Amount":154.00000000,"Done":false},{"Time":"2019-04-16T08:38:29","Situation":"flat","Type":"bid","Price":113.50000000,"Amount":100.00000000,"Done":false},{"Time":"2019-04-16T08:38:29","Situation":"flat","Type":"bid","Price":112.20000000,"Amount":106.00000000,"Done":false},{"Time":"2019-04-16T08:43:33","Situation":"flat","Type":"bid","Price":118.41000000,"Amount":154.00000000,"Done":false},{"Time":"2019-04-16T08:43:33","Situation":"flat","Type":"bid","Price":113.50000000,"Amount":100.00000000,"Done":false},{"Time":"2019-04-16T08:43:33","Situation":"flat","Type":"bid","Price":112.20000000,"Amount":106.00000000,"Done":false},{"Time":"2019-04-16T08:48:33","Situation":"flat","Type":"bid","Price":118.41000000,"Amount":154.00000000,"Done":false},{"Time":"2019-04-16T08:48:33","Situation":"flat","Type":"bid","Price":113.50000000,"Amount":100.00000000,"Done":false},{"Time":"2019-04-16T08:48:33","Situation":"flat","Type":"bid","Price":112.20000000,"Amount":106.00000000,"Done":false},{"Time":"2019-04-16T08:53:36","Situation":"flat","Type":"bid","Price":118.41000000,"Amount":154.00000000,"Done":false},{"Time":"2019-04-16T08:53:36","Situation":"flat","Type":"bid","Price":113.50000000,"Amount":100.00000000,"Done":false},{"Time":"2019-04-16T08:53:36","Situation":"flat","Type":"bid","Price":112.20000000,"Amount":106.00000000,"Done":false},{"Time":"2019-04-16T08:58:36","Situation":"flat","Type":"bid","Price":118.41000000,"Amount":154.00000000,"Done":false},{"Time":"2019-04-16T08:58:36","Situation":"flat","Type":"bid","Price":113.50000000,"Amount":100.00000000,"Done":false},{"Time":"2019-04-16T08:58:36","Situation":"flat","Type":"bid","Price":112.20000000,"Amount":106.00000000,"Done":false},{"Time":"2019-04-16T09:03:36","Situation":"flat","Type":"bid","Price":118.41000000,"Amount":154.00000000,"Done":false},{"Time":"2019-04-16T09:03:36","Situation":"flat","Type":"bid","Price":113.50000000,"Amount":100.00000000,"Done":false},{"Time":"2019-04-16T09:03:36","Situation":"flat","Type":"bid","Price":112.20000000,"Amount":106.00000000,"Done":false},{"Time":"2019-04-16T09:08:40","Situation":"flat","Type":"bid","Price":118.41000000,"Amount":154.00000000,"Done":false},{"Time":"2019-04-16T09:08:40","Situation":"flat","Type":"bid","Price":113.50000000,"Amount":100.00000000,"Done":false},{"Time":"2019-04-16T09:08:40","Situation":"flat","Type":"bid","Price":112.20000000,"Amount":106.00000000,"Done":false},{"Time":"2019-04-16T09:13:43","Situation":"flat","Type":"bid","Price":118.41000000,"Amount":162.10948000,"Done":false},{"Time":"2019-04-16T09:13:43","Situation":"flat","Type":"bid","Price":113.50000000,"Amount":100.00000000,"Done":false},{"Time":"2019-04-16T09:13:43","Situation":"flat","Type":"bid","Price":112.20000000,"Amount":106.00000000,"Done":false},{"Time":"2019-04-16T09:18:43","Situation":"flat","Type":"bid","Price":118.41000000,"Amount":154.00000000,"Done":false},{"Time":"2019-04-16T09:18:43","Situation":"flat","Type":"bid","Price":113.50000000,"Amount":100.00000000,"Done":false},{"Time":"2019-04-16T09:18:43","Situation":"flat","Type":"bid","Price":112.20000000,"Amount":106.00000000,"Done":false},{"Time":"2019-04-16T09:23:45","Situation":"flat","Type":"bid","Price":118.41000000,"Amount":154.00000000,"Done":false},{"Time":"2019-04-16T09:28:47","Situation":"flat","Type":"bid","Price":118.41000000,"Amount":154.00000000,"Done":false},{"Time":"2019-04-16T09:33:50","Situation":"flat","Type":"bid","Price":118.41000000,"Amount":154.00000000,"Done":false},{"Time":"2019-04-16T09:36:14","Situation":"trend","Type":"bid","Price":117.88000000,"Amount":158.41154000,"Done":false},{"Time":"2019-04-16T09:41:15","Situation":"flat","Type":"bid","Price":117.88000000,"Amount":156.61189000,"Done":false},{"Time":"2019-04-16T09:46:15","Situation":"flat","Type":"bid","Price":117.88000000,"Amount":156.61189000,"Done":false},{"Time":"2019-04-16T09:51:15","Situation":"flat","Type":"bid","Price":118.25000000,"Amount":154.00000000,"Done":false},{"Time":"2019-04-16T09:56:15","Situation":"flat","Type":"bid","Price":118.25000000,"Amount":154.00000000,"Done":false},{"Time":"2019-04-16T10:01:15","Situation":"flat","Type":"bid","Price":117.79000000,"Amount":154.00000000,"Done":false},{"Time":"2019-04-16T10:02:00","Situation":"trend","Type":"bid","Price":117.79000000,"Amount":154.00000000,"Done":false},{"Time":"2019-04-16T10:02:00","Situation":"trend","Type":"bid","Price":118.25000000,"Amount":154.00000000,"Done":true},{"Time":"2019-04-16T10:07:01","Situation":"flat","Type":"bid","Price":117.79000000,"Amount":154.00000000,"Done":false},{"Time":"2019-04-16T10:12:02","Situation":"flat","Type":"bid","Price":117.33000000,"Amount":154.00000000,"Done":false},{"Time":"2019-04-16T10:17:04","Situation":"flat","Type":"bid","Price":117.33000000,"Amount":154.00000000,"Done":false},{"Time":"2019-04-16T10:22:05","Situation":"flat","Type":"bid","Price":117.68000000,"Amount":154.00000000,"Done":false},{"Time":"2019-04-16T10:27:05","Situation":"flat","Type":"bid","Price":117.33000000,"Amount":154.38541000,"Done":false},{"Time":"2019-04-16T10:32:06","Situation":"flat","Type":"bid","Price":117.33000000,"Amount":154.00000000,"Done":false},{"Time":"2019-04-16T10:37:08","Situation":"flat","Type":"bid","Price":117.33000000,"Amount":154.00000000,"Done":false},{"Time":"2019-04-16T10:42:08","Situation":"flat","Type":"bid","Price":117.33000000,"Amount":154.00000000,"Done":false},{"Time":"2019-04-16T10:47:09","Situation":"flat","Type":"bid","Price":116.88000000,"Amount":154.00000000,"Done":false},{"Time":"2019-04-16T10:52:12","Situation":"flat","Type":"bid","Price":116.88000000,"Amount":160.12800000,"Done":false},{"Time":"2019-04-16T10:57:16","Situation":"flat","Type":"bid","Price":116.52000000,"Amount":154.00000000,"Done":false},{"Time":"2019-04-16T11:02:19","Situation":"flat","Type":"bid","Price":116.52000000,"Amount":154.00000000,"Done":false},{"Time":"2019-04-16T11:07:19","Situation":"flat","Type":"bid","Price":116.52000000,"Amount":154.00000000,"Done":false},{"Time":"2019-04-16T11:12:20","Situation":"flat","Type":"bid","Price":116.52000000,"Amount":172.12686000,"Done":false},{"Time":"2019-04-16T11:17:20","Situation":"flat","Type":"bid","Price":116.52000000,"Amount":154.00000000,"Done":false},{"Time":"2019-04-16T11:22:20","Situation":"flat","Type":"bid","Price":116.86000000,"Amount":154.00000000,"Done":false},{"Time":"2019-04-16T11:27:22","Situation":"flat","Type":"bid","Price":116.86000000,"Amount":154.00000000,"Done":false},{"Time":"2019-04-16T11:32:26","Situation":"flat","Type":"bid","Price":116.86000000,"Amount":154.00000000,"Done":false},{"Time":"2019-04-16T11:37:29","Situation":"flat","Type":"bid","Price":116.86000000,"Amount":154.38696000,"Done":false},{"Time":"2019-04-16T11:42:30","Situation":"flat","Type":"bid","Price":116.86000000,"Amount":154.00000000,"Done":false},{"Time":"2019-04-16T11:47:30","Situation":"flat","Type":"bid","Price":117.23000000,"Amount":154.00000000,"Done":false},{"Time":"2019-04-16T11:52:33","Situation":"flat","Type":"bid","Price":117.23000000,"Amount":154.00000000,"Done":false},{"Time":"2019-04-16T11:57:37","Situation":"flat","Type":"bid","Price":116.83000000,"Amount":188.23778000,"Done":false},{"Time":"2019-04-16T12:02:38","Situation":"flat","Type":"bid","Price":116.83000000,"Amount":154.59811000,"Done":false},{"Time":"2019-04-16T12:07:39","Situation":"flat","Type":"bid","Price":116.83000000,"Amount":154.00000000,"Done":false},{"Time":"2019-04-16T12:12:40","Situation":"flat","Type":"bid","Price":116.83000000,"Amount":154.00000000,"Done":false},{"Time":"2019-04-16T12:17:43","Situation":"flat","Type":"bid","Price":116.83000000,"Amount":154.00000000,"Done":false},{"Time":"2019-04-16T12:22:45","Situation":"flat","Type":"bid","Price":116.83000000,"Amount":154.00000000,"Done":false},{"Time":"2019-04-16T12:27:46","Situation":"flat","Type":"bid","Price":116.83000000,"Amount":154.00000000,"Done":false},{"Time":"2019-04-16T12:31:26","Situation":"trend","Type":"bid","Price":116.05000000,"Amount":154.00000000,"Done":false},{"Time":"2019-04-16T12:36:30","Situation":"flat","Type":"bid","Price":116.05000000,"Amount":154.00000000,"Done":false},{"Time":"2019-04-16T12:41:30","Situation":"flat","Type":"bid","Price":116.05000000,"Amount":155.82802000,"Done":false},{"Time":"2019-04-16T12:46:32","Situation":"flat","Type":"bid","Price":116.05000000,"Amount":154.00000000,"Done":false},{"Time":"2019-04-16T12:51:35","Situation":"flat","Type":"bid","Price":116.05000000,"Amount":154.00000000,"Done":false},{"Time":"2019-04-16T12:56:36","Situation":"flat","Type":"bid","Price":116.05000000,"Amount":154.00000000,"Done":false}],"TradeHistory":[],"TradeDelta":[{"TimeFrom":"2019-04-16T00:01:55","TimeTo":"2019-04-16T00:06:55","Situation":"flat","Value":0.00000000},{"TimeFrom":"2019-04-16T00:06:55","TimeTo":"2019-04-16T00:11:55","Situation":"flat","Value":0.00000000},{"TimeFrom":"2019-04-16T00:11:55","TimeTo":"2019-04-16T00:16:56","Situation":"flat","Value":0.00000000},{"TimeFrom":"2019-04-16T00:16:56","TimeTo":"2019-04-16T00:21:56","Situation":"flat","Value":0.00000000},{"TimeFrom":"2019-04-16T00:21:56","TimeTo":"2019-04-16T00:27:00","Situation":"flat","Value":0.00000000},{"TimeFrom":"2019-04-16T00:27:00","TimeTo":"2019-04-16T00:32:00","Situation":"flat","Value":0.00000000},{"TimeFrom":"2019-04-16T00:32:00","TimeTo":"2019-04-16T00:37:05","Situation":"flat","Value":0.00000000},{"TimeFrom":"2019-04-16T00:37:05","TimeTo":"2019-04-16T00:42:06","Situation":"flat","Value":0.00000000},{"TimeFrom":"2019-04-16T00:42:06","TimeTo":"2019-04-16T00:47:07","Situation":"flat","Value":0.00000000},{"TimeFrom":"2019-04-16T00:47:07","TimeTo":"2019-04-16T00:52:08","Situation":"flat","Value":0.00000000},{"TimeFrom":"2019-04-16T00:52:08","TimeTo":"2019-04-16T00:57:11","Situation":"flat","Value":0.00000000},{"TimeFrom":"2019-04-16T00:57:11","TimeTo":"2019-04-16T01:02:15","Situation":"flat","Value":0.00000000},{"TimeFrom":"2019-04-16T01:02:15","TimeTo":"2019-04-16T01:07:18","Situation":"flat","Value":0.00000000},{"TimeFrom":"2019-04-16T01:07:18","TimeTo":"2019-04-16T01:12:20","Situation":"flat","Value":0.00000000},{"TimeFrom":"2019-04-16T01:12:20","TimeTo":"2019-04-16T01:17:23","Situation":"flat","Value":0.00000000},{"TimeFrom":"2019-04-16T01:17:23","TimeTo":"2019-04-16T01:22:24","Situation":"flat","Value":0.00000000},{"TimeFrom":"2019-04-16T01:22:24","TimeTo":"2019-04-16T01:27:24","Situation":"flat","Value":0.00000000},{"TimeFrom":"2019-04-16T01:27:24","TimeTo":"2019-04-16T01:32:27","Situation":"flat","Value":0.00000000},{"TimeFrom":"2019-04-16T01:32:27","TimeTo":"2019-04-16T01:37:30","Situation":"flat","Value":0.00000000},{"TimeFrom":"2019-04-16T01:37:30","TimeTo":"2019-04-16T01:42:33","Situation":"flat","Value":0.00000000},{"TimeFrom":"2019-04-16T01:42:33","TimeTo":"2019-04-16T01:47:33","Situation":"flat","Value":0.00000000},{"TimeFrom":"2019-04-16T01:47:33","TimeTo":"2019-04-16T01:52:34","Situation":"flat","Value":0.00000000},{"TimeFrom":"2019-04-16T01:52:34","TimeTo":"2019-04-16T01:57:35","Situation":"flat","Value":0.00000000},{"TimeFrom":"2019-04-16T01:57:35","TimeTo":"2019-04-16T02:02:35","Situation":"flat","Value":0.00000000},{"TimeFrom":"2019-04-16T02:02:35","TimeTo":"2019-04-16T02:07:39","Situation":"flat","Value":0.00000000},{"TimeFrom":"2019-04-16T02:07:39","TimeTo":"2019-04-16T02:12:40","Situation":"flat","Value":0.00000000},{"TimeFrom":"2019-04-16T02:12:40","TimeTo":"2019-04-16T02:17:43","Situation":"flat","Value":0.00000000},{"TimeFrom":"2019-04-16T02:17:43","TimeTo":"2019-04-16T02:22:46","Situation":"flat","Value":0.00000000},{"TimeFrom":"2019-04-16T02:22:46","TimeTo":"2019-04-16T02:27:50","Situation":"flat","Value":0.00000000},{"TimeFrom":"2019-04-16T02:27:50","TimeTo":"2019-04-16T02:32:53","Situation":"flat","Value":0.00000000},{"TimeFrom":"2019-04-16T02:32:53","TimeTo":"2019-04-16T02:37:57","Situation":"flat","Value":0.00000000},{"TimeFrom":"2019-04-16T02:37:57","TimeTo":"2019-04-16T02:43:00","Situation":"flat","Value":0.00000000},{"TimeFrom":"2019-04-16T02:43:00","TimeTo":"2019-04-16T02:48:04","Situation":"flat","Value":0.00000000},{"TimeFrom":"2019-04-16T02:48:04","TimeTo":"2019-04-16T02:53:06","Situation":"flat","Value":0.00000000},{"TimeFrom":"2019-04-16T02:53:06","TimeTo":"2019-04-16T02:58:09","Situation":"flat","Value":0.00000000},{"TimeFrom":"2019-04-16T02:58:09","TimeTo":"2019-04-16T03:03:13","Situation":"flat","Value":0.00000000},{"TimeFrom":"2019-04-16T03:03:13","TimeTo":"2019-04-16T03:08:13","Situation":"flat","Value":0.00000000},{"TimeFrom":"2019-04-16T03:08:13","TimeTo":"2019-04-16T03:13:13","Situation":"flat","Value":0.00000000},{"TimeFrom":"2019-04-16T03:13:13","TimeTo":"2019-04-16T03:18:15","Situation":"flat","Value":0.00000000},{"TimeFrom":"2019-04-16T03:18:15","TimeTo":"2019-04-16T03:23:16","Situation":"flat","Value":0.00000000},{"TimeFrom":"2019-04-16T03:23:16","TimeTo":"2019-04-16T03:28:17","Situation":"flat","Value":0.00000000},{"TimeFrom":"2019-04-16T03:28:17","TimeTo":"2019-04-16T03:33:18","Situation":"flat","Value":0.00000000},{"TimeFrom":"2019-04-16T03:33:18","TimeTo":"2019-04-16T03:38:19","Situation":"flat","Value":0.00000000},{"TimeFrom":"2019-04-16T03:38:19","TimeTo":"2019-04-16T03:43:19","Situation":"flat","Value":0.00000000},{"TimeFrom":"2019-04-16T03:43:19","TimeTo":"2019-04-16T03:48:20","Situation":"flat","Value":0.00000000},{"TimeFrom":"2019-04-16T03:48:20","TimeTo":"2019-04-16T03:53:24","Situation":"flat","Value":0.00000000},{"TimeFrom":"2019-04-16T03:53:24","TimeTo":"2019-04-16T03:58:27","Situation":"flat","Value":0.00000000},{"TimeFrom":"2019-04-16T03:58:27","TimeTo":"2019-04-16T04:03:31","Situation":"flat","Value":0.00000000},{"TimeFrom":"2019-04-16T04:03:31","TimeTo":"2019-04-16T04:08:31","Situation":"flat","Value":0.00000000},{"TimeFrom":"2019-04-16T04:08:31","TimeTo":"2019-04-16T04:13:33","Situation":"flat","Value":0.00000000},{"TimeFrom":"2019-04-16T04:13:33","TimeTo":"2019-04-16T04:18:35","Situation":"flat","Value":0.00000000},{"TimeFrom":"2019-04-16T04:18:35","TimeTo":"2019-04-16T04:23:35","Situation":"flat","Value":0.00000000},{"TimeFrom":"2019-04-16T04:23:35","TimeTo":"2019-04-16T04:28:37","Situation":"flat","Value":0.00000000},{"TimeFrom":"2019-04-16T04:28:37","TimeTo":"2019-04-16T04:33:39","Situation":"flat","Value":0.00000000},{"TimeFrom":"2019-04-16T04:33:39","TimeTo":"2019-04-16T04:38:41","Situation":"flat","Value":0.00000000},{"TimeFrom":"2019-04-16T04:38:41","TimeTo":"2019-04-16T04:43:41","Situation":"flat","Value":0.00000000},{"TimeFrom":"2019-04-16T04:43:41","TimeTo":"2019-04-16T04:48:43","Situation":"flat","Value":0.00000000},{"TimeFrom":"2019-04-16T04:48:43","TimeTo":"2019-04-16T04:53:45","Situation":"flat","Value":0.00000000},{"TimeFrom":"2019-04-16T04:53:45","TimeTo":"2019-04-16T04:58:46","Situation":"flat","Value":0.00000000},{"TimeFrom":"2019-04-16T04:58:46","TimeTo":"2019-04-16T05:03:50","Situation":"flat","Value":0.00000000},{"TimeFrom":"2019-04-16T05:03:50","TimeTo":"2019-04-16T05:08:50","Situation":"flat","Value":0.00000000},{"TimeFrom":"2019-04-16T05:08:50","TimeTo":"2019-04-16T05:13:53","Situation":"flat","Value":0.00000000},{"TimeFrom":"2019-04-16T05:13:53","TimeTo":"2019-04-16T05:18:55","Situation":"flat","Value":0.00000000},{"TimeFrom":"2019-04-16T05:18:55","TimeTo":"2019-04-16T05:23:57","Situation":"flat","Value":0.00000000},{"TimeFrom":"2019-04-16T05:23:57","TimeTo":"2019-04-16T05:27:16","Situation":"trend","Value":0.00000000},{"TimeFrom":"2019-04-16T05:27:16","TimeTo":"2019-04-16T05:32:20","Situation":"flat","Value":0.00000000},{"TimeFrom":"2019-04-16T05:32:20","TimeTo":"2019-04-16T05:37:23","Situation":"flat","Value":0.00000000},{"TimeFrom":"2019-04-16T05:37:23","TimeTo":"2019-04-16T05:42:26","Situation":"flat","Value":0.00000000},{"TimeFrom":"2019-04-16T05:42:26","TimeTo":"2019-04-16T05:47:28","Situation":"flat","Value":0.00000000},{"TimeFrom":"2019-04-16T05:47:28","TimeTo":"2019-04-16T05:52:31","Situation":"flat","Value":0.00000000},{"TimeFrom":"2019-04-16T05:52:31","TimeTo":"2019-04-16T05:57:31","Situation":"flat","Value":0.00000000},{"TimeFrom":"2019-04-16T05:57:31","TimeTo":"2019-04-16T06:02:35","Situation":"flat","Value":0.00000000},{"TimeFrom":"2019-04-16T06:02:35","TimeTo":"2019-04-16T06:07:35","Situation":"flat","Value":0.00000000},{"TimeFrom":"2019-04-16T06:07:35","TimeTo":"2019-04-16T06:12:36","Situation":"flat","Value":0.00000000},{"TimeFrom":"2019-04-16T06:12:36","TimeTo":"2019-04-16T06:17:37","Situation":"flat","Value":0.00000000},{"TimeFrom":"2019-04-16T06:17:37","TimeTo":"2019-04-16T06:22:41","Situation":"flat","Value":0.00000000},{"TimeFrom":"2019-04-16T06:22:41","TimeTo":"2019-04-16T06:27:45","Situation":"flat","Value":0.00000000},{"TimeFrom":"2019-04-16T06:27:45","TimeTo":"2019-04-16T06:32:46","Situation":"flat","Value":0.00000000},{"TimeFrom":"2019-04-16T06:32:46","TimeTo":"2019-04-16T06:37:48","Situation":"flat","Value":0.00000000},{"TimeFrom":"2019-04-16T06:37:48","TimeTo":"2019-04-16T06:42:50","Situation":"flat","Value":0.00000000},{"TimeFrom":"2019-04-16T06:42:50","TimeTo":"2019-04-16T06:47:50","Situation":"flat","Value":0.00000000},{"TimeFrom":"2019-04-16T06:47:50","TimeTo":"2019-04-16T06:52:51","Situation":"flat","Value":0.00000000},{"TimeFrom":"2019-04-16T06:52:51","TimeTo":"2019-04-16T06:57:51","Situation":"flat","Value":0.00000000},{"TimeFrom":"2019-04-16T06:57:51","TimeTo":"2019-04-16T07:02:52","Situation":"flat","Value":0.00000000},{"TimeFrom":"2019-04-16T07:02:52","TimeTo":"2019-04-16T07:07:55","Situation":"flat","Value":0.00000000},{"TimeFrom":"2019-04-16T07:07:55","TimeTo":"2019-04-16T07:12:55","Situation":"flat","Value":0.00000000},{"TimeFrom":"2019-04-16T07:12:55","TimeTo":"2019-04-16T07:17:55","Situation":"flat","Value":0.00000000},{"TimeFrom":"2019-04-16T07:17:55","TimeTo":"2019-04-16T07:22:59","Situation":"flat","Value":0.00000000},{"TimeFrom":"2019-04-16T07:22:59","TimeTo":"2019-04-16T07:28:05","Situation":"flat","Value":0.00000000},{"TimeFrom":"2019-04-16T07:28:05","TimeTo":"2019-04-16T07:33:09","Situation":"flat","Value":0.00000000},{"TimeFrom":"2019-04-16T07:33:09","TimeTo":"2019-04-16T07:38:10","Situation":"flat","Value":0.00000000},{"TimeFrom":"2019-04-16T07:38:10","TimeTo":"2019-04-16T07:43:10","Situation":"flat","Value":0.00000000},{"TimeFrom":"2019-04-16T07:43:10","TimeTo":"2019-04-16T07:48:10","Situation":"flat","Value":0.00000000},{"TimeFrom":"2019-04-16T07:48:10","TimeTo":"2019-04-16T07:53:11","Situation":"flat","Value":0.00000000},{"TimeFrom":"2019-04-16T07:53:11","TimeTo":"2019-04-16T07:58:11","Situation":"flat","Value":0.00000000},{"TimeFrom":"2019-04-16T07:58:11","TimeTo":"2019-04-16T08:03:14","Situation":"flat","Value":0.00000000},{"TimeFrom":"2019-04-16T08:03:14","TimeTo":"2019-04-16T08:08:16","Situation":"flat","Value":0.00000000},{"TimeFrom":"2019-04-16T08:08:16","TimeTo":"2019-04-16T08:13:16","Situation":"flat","Value":0.00000000},{"TimeFrom":"2019-04-16T08:13:16","TimeTo":"2019-04-16T08:18:20","Situation":"flat","Value":0.00000000},{"TimeFrom":"2019-04-16T08:18:20","TimeTo":"2019-04-16T08:23:21","Situation":"flat","Value":0.00000000},{"TimeFrom":"2019-04-16T08:23:21","TimeTo":"2019-04-16T08:28:25","Situation":"flat","Value":0.00000000},{"TimeFrom":"2019-04-16T08:28:25","TimeTo":"2019-04-16T08:33:25","Situation":"flat","Value":0.00000000},{"TimeFrom":"2019-04-16T08:33:25","TimeTo":"2019-04-16T08:38:29","Situation":"flat","Value":0.00000000},{"TimeFrom":"2019-04-16T08:38:29","TimeTo":"2019-04-16T08:43:33","Situation":"flat","Value":0.00000000},{"TimeFrom":"2019-04-16T08:43:33","TimeTo":"2019-04-16T08:48:33","Situation":"flat","Value":0.00000000},{"TimeFrom":"2019-04-16T08:48:33","TimeTo":"2019-04-16T08:53:36","Situation":"flat","Value":0.00000000},{"TimeFrom":"2019-04-16T08:53:36","TimeTo":"2019-04-16T08:58:36","Situation":"flat","Value":0.00000000},{"TimeFrom":"2019-04-16T08:58:36","TimeTo":"2019-04-16T09:03:36","Situation":"flat","Value":0.00000000},{"TimeFrom":"2019-04-16T09:03:36","TimeTo":"2019-04-16T09:08:40","Situation":"flat","Value":0.00000000},{"TimeFrom":"2019-04-16T09:08:40","TimeTo":"2019-04-16T09:13:43","Situation":"flat","Value":0.00000000},{"TimeFrom":"2019-04-16T09:13:43","TimeTo":"2019-04-16T09:18:43","Situation":"flat","Value":0.00000000},{"TimeFrom":"2019-04-16T09:18:43","TimeTo":"2019-04-16T09:23:45","Situation":"flat","Value":0.00000000},{"TimeFrom":"2019-04-16T09:23:45","TimeTo":"2019-04-16T09:28:47","Situation":"flat","Value":0.00000000},{"TimeFrom":"2019-04-16T09:28:47","TimeTo":"2019-04-16T09:33:50","Situation":"flat","Value":0.00000000},{"TimeFrom":"2019-04-16T09:33:50","TimeTo":"2019-04-16T09:36:14","Situation":"trend","Value":0.00000000},{"TimeFrom":"2019-04-16T09:36:14","TimeTo":"2019-04-16T09:41:15","Situation":"flat","Value":0.00000000},{"TimeFrom":"2019-04-16T09:41:15","TimeTo":"2019-04-16T09:46:15","Situation":"flat","Value":0.00000000},{"TimeFrom":"2019-04-16T09:46:15","TimeTo":"2019-04-16T09:51:15","Situation":"flat","Value":0.00000000},{"TimeFrom":"2019-04-16T09:51:15","TimeTo":"2019-04-16T09:56:15","Situation":"flat","Value":0.00000000},{"TimeFrom":"2019-04-16T09:56:15","TimeTo":"2019-04-16T10:01:15","Situation":"flat","Value":0.00000000},{"TimeFrom":"2019-04-16T10:01:15","TimeTo":"2019-04-16T10:02:00","Situation":"trend","Value":0.00000000},{"TimeFrom":"2019-04-16T10:02:00","TimeTo":"2019-04-16T10:07:01","Situation":"flat","Value":0.00000000},{"TimeFrom":"2019-04-16T10:07:01","TimeTo":"2019-04-16T10:12:02","Situation":"flat","Value":0.00000000},{"TimeFrom":"2019-04-16T10:12:02","TimeTo":"2019-04-16T10:17:04","Situation":"flat","Value":0.00000000},{"TimeFrom":"2019-04-16T10:17:04","TimeTo":"2019-04-16T10:22:05","Situation":"flat","Value":0.00000000},{"TimeFrom":"2019-04-16T10:22:05","TimeTo":"2019-04-16T10:27:05","Situation":"flat","Value":0.00000000},{"TimeFrom":"2019-04-16T10:27:05","TimeTo":"2019-04-16T10:32:06","Situation":"flat","Value":0.00000000},{"TimeFrom":"2019-04-16T10:32:06","TimeTo":"2019-04-16T10:37:08","Situation":"flat","Value":0.00000000},{"TimeFrom":"2019-04-16T10:37:08","TimeTo":"2019-04-16T10:42:08","Situation":"flat","Value":0.00000000},{"TimeFrom":"2019-04-16T10:42:08","TimeTo":"2019-04-16T10:47:09","Situation":"flat","Value":0.00000000},{"TimeFrom":"2019-04-16T10:47:09","TimeTo":"2019-04-16T10:52:12","Situation":"flat","Value":0.00000000},{"TimeFrom":"2019-04-16T10:52:12","TimeTo":"2019-04-16T10:57:16","Situation":"flat","Value":0.00000000},{"TimeFrom":"2019-04-16T10:57:16","TimeTo":"2019-04-16T11:02:19","Situation":"flat","Value":0.00000000},{"TimeFrom":"2019-04-16T11:02:19","TimeTo":"2019-04-16T11:07:19","Situation":"flat","Value":0.00000000},{"TimeFrom":"2019-04-16T11:07:19","TimeTo":"2019-04-16T11:12:20","Situation":"flat","Value":0.00000000},{"TimeFrom":"2019-04-16T11:12:20","TimeTo":"2019-04-16T11:17:20","Situation":"flat","Value":0.00000000},{"TimeFrom":"2019-04-16T11:17:20","TimeTo":"2019-04-16T11:22:20","Situation":"flat","Value":0.00000000},{"TimeFrom":"2019-04-16T11:22:20","TimeTo":"2019-04-16T11:27:22","Situation":"flat","Value":0.00000000},{"TimeFrom":"2019-04-16T11:27:22","TimeTo":"2019-04-16T11:32:26","Situation":"flat","Value":0.00000000},{"TimeFrom":"2019-04-16T11:32:26","TimeTo":"2019-04-16T11:37:29","Situation":"flat","Value":0.00000000},{"TimeFrom":"2019-04-16T11:37:29","TimeTo":"2019-04-16T11:42:30","Situation":"flat","Value":0.00000000},{"TimeFrom":"2019-04-16T11:42:30","TimeTo":"2019-04-16T11:47:30","Situation":"flat","Value":0.00000000},{"TimeFrom":"2019-04-16T11:47:30","TimeTo":"2019-04-16T11:52:33","Situation":"flat","Value":0.00000000},{"TimeFrom":"2019-04-16T11:52:33","TimeTo":"2019-04-16T11:57:37","Situation":"flat","Value":0.00000000},{"TimeFrom":"2019-04-16T11:57:37","TimeTo":"2019-04-16T12:02:38","Situation":"flat","Value":0.00000000},{"TimeFrom":"2019-04-16T12:02:38","TimeTo":"2019-04-16T12:07:39","Situation":"flat","Value":0.00000000},{"TimeFrom":"2019-04-16T12:07:39","TimeTo":"2019-04-16T12:12:40","Situation":"flat","Value":0.00000000},{"TimeFrom":"2019-04-16T12:12:40","TimeTo":"2019-04-16T12:17:43","Situation":"flat","Value":0.00000000},{"TimeFrom":"2019-04-16T12:17:43","TimeTo":"2019-04-16T12:22:45","Situation":"flat","Value":0.00000000},{"TimeFrom":"2019-04-16T12:22:45","TimeTo":"2019-04-16T12:27:46","Situation":"flat","Value":0.00000000},{"TimeFrom":"2019-04-16T12:27:46","TimeTo":"2019-04-16T12:31:26","Situation":"trend","Value":0.00000000},{"TimeFrom":"2019-04-16T12:31:26","TimeTo":"2019-04-16T12:36:30","Situation":"flat","Value":0.00000000},{"TimeFrom":"2019-04-16T12:36:30","TimeTo":"2019-04-16T12:41:30","Situation":"flat","Value":0.00000000},{"TimeFrom":"2019-04-16T12:41:30","TimeTo":"2019-04-16T12:46:32","Situation":"flat","Value":0.00000000},{"TimeFrom":"2019-04-16T12:46:32","TimeTo":"2019-04-16T12:51:35","Situation":"flat","Value":0.00000000},{"TimeFrom":"2019-04-16T12:51:35","TimeTo":"2019-04-16T12:56:36","Situation":"flat","Value":0.00000000}]}
