{"OrderBookAsks":[{"Time":"2019-04-16T00:04:25","Situation":"flat","Type":"ask","Price":0.08171000,"Amount":132331.30000000,"Done":false},{"Time":"2019-04-16T00:04:25","Situation":"flat","Type":"ask","Price":0.08206000,"Amount":357041.40000000,"Done":false},{"Time":"2019-04-16T00:04:25","Situation":"flat","Type":"ask","Price":0.08219000,"Amount":189013.50000000,"Done":false},{"Time":"2019-04-16T00:04:25","Situation":"flat","Type":"ask","Price":0.08228000,"Amount":141943.70000000,"Done":false},{"Time":"2019-04-16T00:04:25","Situation":"flat","Type":"ask","Price":0.08229000,"Amount":163439.00000000,"Done":false},{"Time":"2019-04-16T00:04:25","Situation":"flat","Type":"ask","Price":0.08315000,"Amount":212165.60000000,"Done":false},{"Time":"2019-04-16T00:04:25","Situation":"flat","Type":"ask","Price":0.08328000,"Amount":212165.60000000,"Done":false},{"Time":"2019-04-16T00:09:29","Situation":"flat","Type":"ask","Price":0.08184000,"Amount":359025.60000000,"Done":false},{"Time":"2019-04-16T00:09:29","Situation":"flat","Type":"ask","Price":0.08219000,"Amount":189013.50000000,"Done":false},{"Time":"2019-04-16T00:09:29","Situation":"flat","Type":"ask","Price":0.08228000,"Amount":141943.70000000,"Done":false},{"Time":"2019-04-16T00:09:29","Situation":"flat","Type":"ask","Price":0.08229000,"Amount":163439.00000000,"Done":false},{"Time":"2019-04-16T00:09:29","Situation":"flat","Type":"ask","Price":0.08315000,"Amount":212165.60000000,"Done":false},{"Time":"2019-04-16T00:14:30","Situation":"flat","Type":"ask","Price":0.08184000,"Amount":357016.00000000,"Done":false},{"Time":"2019-04-16T00:14:30","Situation":"flat","Type":"ask","Price":0.08219000,"Amount":189013.50000000,"Done":false},{"Time":"2019-04-16T00:14:30","Situation":"flat","Type":"ask","Price":0.08228000,"Amount":141943.70000000,"Done":false},{"Time":"2019-04-16T00:14:30","Situation":"flat","Type":"ask","Price":0.08229000,"Amount":163439.00000000,"Done":false},{"Time":"2019-04-16T00:14:30","Situation":"flat","Type":"ask","Price":0.08315000,"Amount":212165.60000000,"Done":false},{"Time":"2019-04-16T00:14:30","Situation":"flat","Type":"ask","Price":0.08328000,"Amount":212165.60000000,"Done":false},{"Time":"2019-04-16T00:19:30","Situation":"flat","Type":"ask","Price":0.08184000,"Amount":357016.00000000,"Done":false},{"Time":"2019-04-16T00:19:30","Situation":"flat","Type":"ask","Price":0.08219000,"Amount":189013.50000000,"Done":false},{"Time":"2019-04-16T00:19:30","Situation":"flat","Type":"ask","Price":0.08228000,"Amount":141943.70000000,"Done":false},{"Time":"2019-04-16T00:19:30","Situation":"flat","Type":"ask","Price":0.08229000,"Amount":163439.00000000,"Done":false},{"Time":"2019-04-16T00:19:30","Situation":"flat","Type":"ask","Price":0.08315000,"Amount":212165.60000000,"Done":false},{"Time":"2019-04-16T00:19:30","Situation":"flat","Type":"ask","Price":0.08328000,"Amount":212165.60000000,"Done":false},{"Time":"2019-04-16T00:24:32","Situation":"flat","Type":"ask","Price":0.08184000,"Amount":357016.00000000,"Done":false},{"Time":"2019-04-16T00:24:32","Situation":"flat","Type":"ask","Price":0.08219000,"Amount":189013.50000000,"Done":false},{"Time":"2019-04-16T00:24:32","Situation":"flat","Type":"ask","Price":0.08228000,"Amount":141943.70000000,"Done":false},{"Time":"2019-04-16T00:24:32","Situation":"flat","Type":"ask","Price":0.08229000,"Amount":163439.00000000,"Done":false},{"Time":"2019-04-16T00:24:32","Situation":"flat","Type":"ask","Price":0.08315000,"Amount":212165.60000000,"Done":false},{"Time":"2019-04-16T00:28:58","Situation":"trend","Type":"ask","Price":0.08208000,"Amount":356866.00000000,"Done":false},{"Time":"2019-04-16T00:28:58","Situation":"trend","Type":"ask","Price":0.08219000,"Amount":191574.90000000,"Done":false},{"Time":"2019-04-16T00:28:58","Situation":"trend","Type":"ask","Price":0.08228000,"Amount":141943.70000000,"Done":false},{"Time":"2019-04-16T00:28:58","Situation":"trend","Type":"ask","Price":0.08229000,"Amount":163439.00000000,"Done":false},{"Time":"2019-04-16T00:28:58","Situation":"trend","Type":"ask","Price":0.08315000,"Amount":212165.60000000,"Done":false},{"Time":"2019-04-16T00:28:58","Situation":"trend","Type":"ask","Price":0.08328000,"Amount":212165.60000000,"Done":false},{"Time":"2019-04-16T00:34:00","Situation":"flat","Type":"ask","Price":0.08208000,"Amount":356866.00000000,"Done":false},{"Time":"2019-04-16T00:34:00","Situation":"flat","Type":"ask","Price":0.08219000,"Amount":189013.50000000,"Done":false},{"Time":"2019-04-16T00:34:00","Situation":"flat","Type":"ask","Price":0.08228000,"Amount":141943.70000000,"Done":false},{"Time":"2019-04-16T00:34:00","Situation":"flat","Type":"ask","Price":0.08275000,"Amount":158939.00000000,"Done":false},{"Time":"2019-04-16T00:34:00","Situation":"flat","Type":"ask","Price":0.08315000,"Amount":212165.60000000,"Done":false},{"Time":"2019-04-16T00:34:00","Situation":"flat","Type":"ask","Price":0.08328000,"Amount":212165.60000000,"Done":false},{"Time":"2019-04-16T00:39:03","Situation":"flat","Type":"ask","Price":0.08219000,"Amount":189013.50000000,"Done":false},{"Time":"2019-04-16T00:39:03","Situation":"flat","Type":"ask","Price":0.08228000,"Amount":141943.70000000,"Done":false},{"Time":"2019-04-16T00:39:03","Situation":"flat","Type":"ask","Price":0.08245000,"Amount":356866.00000000,"Done":false},{"Time":"2019-04-16T00:39:03","Situation":"flat","Type":"ask","Price":0.08275000,"Amount":133331.00000000,"Done":false},{"Time":"2019-04-16T00:39:03","Situation":"flat","Type":"ask","Price":0.08315000,"Amount":212165.60000000,"Done":false},{"Time":"2019-04-16T00:39:03","Situation":"flat","Type":"ask","Price":0.08328000,"Amount":212165.60000000,"Done":false},{"Time":"2019-04-16T00:44:05","Situation":"flat","Type":"ask","Price":0.08219000,"Amount":209013.50000000,"Done":false},{"Time":"2019-04-16T00:44:05","Situation":"flat","Type":"ask","Price":0.08228000,"Amount":143773.70000000,"Done":false},{"Time":"2019-04-16T00:44:05","Situation":"flat","Type":"ask","Price":0.08245000,"Amount":356866.00000000,"Done":false},{"Time":"2019-04-16T00:44:05","Situation":"flat","Type":"ask","Price":0.08275000,"Amount":133331.00000000,"Done":false},{"Time":"2019-04-16T00:44:05","Situation":"flat","Type":"ask","Price":0.08315000,"Amount":212165.60000000,"Done":false},{"Time":"2019-04-16T00:44:05","Situation":"flat","Type":"ask","Price":0.08328000,"Amount":212165.60000000,"Done":false},{"Time":"2019-04-16T00:49:06","Situation":"flat","Type":"ask","Price":0.08219000,"Amount":189013.50000000,"Done":false},{"Time":"2019-04-16T00:49:06","Situation":"flat","Type":"ask","Price":0.08228000,"Amount":141943.70000000,"Done":false},{"Time":"2019-04-16T00:49:06","Situation":"flat","Type":"ask","Price":0.08245000,"Amount":356866.00000000,"Done":false},{"Time":"2019-04-16T00:49:06","Situation":"flat","Type":"ask","Price":0.08275000,"Amount":133331.00000000,"Done":false},{"Time":"2019-04-16T00:49:06","Situation":"flat","Type":"ask","Price":0.08315000,"Amount":212165.60000000,"Done":false},{"Time":"2019-04-16T00:49:06","Situation":"flat","Type":"ask","Price":0.08328000,"Amount":212165.60000000,"Done":false},{"Time":"2019-04-16T00:54:10","Situation":"flat","Type":"ask","Price":0.08219000,"Amount":189013.50000000,"Done":false},{"Time":"2019-04-16T00:54:10","Situation":"flat","Type":"ask","Price":0.08228000,"Amount":157090.30000000,"Done":false},{"Time":"2019-04-16T00:54:10","Situation":"flat","Type":"ask","Price":0.08245000,"Amount":356866.00000000,"Done":false},{"Time":"2019-04-16T00:54:10","Situation":"flat","Type":"ask","Price":0.08275000,"Amount":133331.00000000,"Done":false},{"Time":"2019-04-16T00:54:10","Situation":"flat","Type":"ask","Price":0.08315000,"Amount":212165.60000000,"Done":false},{"Time":"2019-04-16T00:54:10","Situation":"flat","Type":"ask","Price":0.08328000,"Amount":212165.60000000,"Done":false},{"Time":"2019-04-16T00:59:11","Situation":"flat","Type":"ask","Price":0.08219000,"Amount":189013.50000000,"Done":false},{"Time":"2019-04-16T00:59:11","Situation":"flat","Type":"ask","Price":0.08228000,"Amount":141943.70000000,"Done":false},{"Time":"2019-04-16T00:59:11","Situation":"flat","Type":"ask","Price":0.08245000,"Amount":357038.70000000,"Done":false},{"Time":"2019-04-16T00:59:11","Situation":"flat","Type":"ask","Price":0.08275000,"Amount":133331.00000000,"Done":false},{"Time":"2019-04-16T00:59:11","Situation":"flat","Type":"ask","Price":0.08315000,"Amount":212165.60000000,"Done":false},{"Time":"2019-04-16T00:59:11","Situation":"flat","Type":"ask","Price":0.08328000,"Amount":212165.60000000,"Done":false},{"Time":"2019-04-16T01:04:13","Situation":"flat","Type":"ask","Price":0.08219000,"Amount":230548.60000000,"Done":false},{"Time":"2019-04-16T01:04:13","Situation":"flat","Type":"ask","Price":0.08228000,"Amount":161943.60000000,"Done":false},{"Time":"2019-04-16T01:04:13","Situation":"flat","Type":"ask","Price":0.08245000,"Amount":356866.00000000,"Done":false},{"Time":"2019-04-16T01:04:13","Situation":"flat","Type":"ask","Price":0.08275000,"Amount":133331.00000000,"Done":false},{"Time":"2019-04-16T01:04:13","Situation":"flat","Type":"ask","Price":0.08315000,"Amount":212165.60000000,"Done":false},{"Time":"2019-04-16T01:04:13","Situation":"flat","Type":"ask","Price":0.08328000,"Amount":212165.60000000,"Done":false},{"Time":"2019-04-16T01:09:15","Situation":"flat","Type":"ask","Price":0.08199000,"Amount":132207.30000000,"Done":false},{"Time":"2019-04-16T01:09:15","Situation":"flat","Type":"ask","Price":0.08200000,"Amount":153887.00000000,"Done":false},{"Time":"2019-04-16T01:09:15","Situation":"flat","Type":"ask","Price":0.08219000,"Amount":192013.50000000,"Done":false},{"Time":"2019-04-16T01:09:15","Situation":"flat","Type":"ask","Price":0.08228000,"Amount":141943.70000000,"Done":false},{"Time":"2019-04-16T01:09:15","Situation":"flat","Type":"ask","Price":0.08245000,"Amount":356866.00000000,"Done":false},{"Time":"2019-04-16T01:09:15","Situation":"flat","Type":"ask","Price":0.08275000,"Amount":133331.00000000,"Done":false},{"Time":"2019-04-16T01:09:15","Situation":"flat","Type":"ask","Price":0.08315000,"Amount":212165.60000000,"Done":false},{"Time":"2019-04-16T01:09:15","Situation":"flat","Type":"ask","Price":0.08328000,"Amount":212165.60000000,"Done":false},{"Time":"2019-04-16T01:14:15","Situation":"flat","Type":"ask","Price":0.08219000,"Amount":192013.50000000,"Done":false},{"Time":"2019-04-16T01:14:15","Situation":"flat","Type":"ask","Price":0.08228000,"Amount":141943.70000000,"Done":false},{"Time":"2019-04-16T01:14:15","Situation":"flat","Type":"ask","Price":0.08245000,"Amount":356866.00000000,"Done":false},{"Time":"2019-04-16T01:14:15","Situation":"flat","Type":"ask","Price":0.08275000,"Amount":133331.00000000,"Done":false},{"Time":"2019-04-16T01:14:15","Situation":"flat","Type":"ask","Price":0.08290000,"Amount":447910.10000000,"Done":false},{"Time":"2019-04-16T01:14:15","Situation":"flat","Type":"ask","Price":0.08315000,"Amount":212165.60000000,"Done":false},{"Time":"2019-04-16T01:14:15","Situation":"flat","Type":"ask","Price":0.08328000,"Amount":212165.60000000,"Done":false},{"Time":"2019-04-16T01:19:15","Situation":"flat","Type":"ask","Price":0.08219000,"Amount":192013.50000000,"Done":false},{"Time":"2019-04-16T01:19:15","Situation":"flat","Type":"ask","Price":0.08228000,"Amount":141943.70000000,"Done":false},{"Time":"2019-04-16T01:19:15","Situation":"flat","Type":"ask","Price":0.08245000,"Amount":358695.00000000,"Done":false},{"Time":"2019-04-16T01:19:15","Situation":"flat","Type":"ask","Price":0.08275000,"Amount":133331.00000000,"Done":false},{"Time":"2019-04-16T01:19:15","Situation":"flat","Type":"ask","Price":0.08290000,"Amount":447910.10000000,"Done":false},{"Time":"2019-04-16T01:19:15","Situation":"flat","Type":"ask","Price":0.08315000,"Amount":212165.60000000,"Done":false},{"Time":"2019-04-16T01:19:15","Situation":"flat","Type":"ask","Price":0.08328000,"Amount":212165.60000000,"Done":false},{"Time":"2019-04-16T01:24:17","Situation":"flat","Type":"ask","Price":0.08219000,"Amount":232013.50000000,"Done":false},{"Time":"2019-04-16T01:24:17","Situation":"flat","Type":"ask","Price":0.08228000,"Amount":141943.70000000,"Done":false},{"Time":"2019-04-16T01:24:17","Situation":"flat","Type":"ask","Price":0.08245000,"Amount":358695.00000000,"Done":false},{"Time":"2019-04-16T01:24:17","Situation":"flat","Type":"ask","Price":0.08275000,"Amount":133331.00000000,"Done":false},{"Time":"2019-04-16T01:24:17","Situation":"flat","Type":"ask","Price":0.08290000,"Amount":447910.10000000,"Done":false},{"Time":"2019-04-16T01:24:17","Situation":"flat","Type":"ask","Price":0.08315000,"Amount":212165.60000000,"Done":false},{"Time":"2019-04-16T01:24:17","Situation":"flat","Type":"ask","Price":0.08328000,"Amount":212165.60000000,"Done":false},{"Time":"2019-04-16T01:29:18","Situation":"flat","Type":"ask","Price":0.08219000,"Amount":189013.50000000,"Done":false},{"Time":"2019-04-16T01:29:18","Situation":"flat","Type":"ask","Price":0.08228000,"Amount":144943.70000000,"Done":false},{"Time":"2019-04-16T01:29:18","Situation":"flat","Type":"ask","Price":0.08245000,"Amount":356866.00000000,"Done":false},{"Time":"2019-04-16T01:29:18","Situation":"flat","Type":"ask","Price":0.08275000,"Amount":133331.00000000,"Done":false},{"Time":"2019-04-16T01:29:18","Situation":"flat","Type":"ask","Price":0.08290000,"Amount":447910.10000000,"Done":false},{"Time":"2019-04-16T01:29:18","Situation":"flat","Type":"ask","Price":0.08315000,"Amount":212165.60000000,"Done":false},{"Time":"2019-04-16T01:29:18","Situation":"flat","Type":"ask","Price":0.08328000,"Amount":212165.60000000,"Done":false},{"Time":"2019-04-16T01:34:21","Situation":"flat","Type":"ask","Price":0.08219000,"Amount":189013.50000000,"Done":false},{"Time":"2019-04-16T01:34:21","Situation":"flat","Type":"ask","Price":0.08228000,"Amount":204943.60000000,"Done":false},{"Time":"2019-04-16T01:34:21","Situation":"flat","Type":"ask","Price":0.08245000,"Amount":356866.00000000,"Done":false},{"Time":"2019-04-16T01:34:21","Situation":"flat","Type":"ask","Price":0.08275000,"Amount":133331.00000000,"Done":false},{"Time":"2019-04-16T01:34:21","Situation":"flat","Type":"ask","Price":0.08290000,"Amount":447910.10000000,"Done":false},{"Time":"2019-04-16T01:34:21","Situation":"flat","Type":"ask","Price":0.08315000,"Amount":212165.60000000,"Done":false},{"Time":"2019-04-16T01:34:21","Situation":"flat","Type":"ask","Price":0.08328000,"Amount":212165.60000000,"Done":false},{"Time":"2019-04-16T01:39:24","Situation":"flat","Type":"ask","Price":0.08219000,"Amount":199125.60000000,"Done":false},{"Time":"2019-04-16T01:39:24","Situation":"flat","Type":"ask","Price":0.08228000,"Amount":141943.70000000,"Done":false},{"Time":"2019-04-16T01:39:24","Situation":"flat","Type":"ask","Price":0.08245000,"Amount":356866.00000000,"Done":false},{"Time":"2019-04-16T01:39:24","Situation":"flat","Type":"ask","Price":0.08275000,"Amount":133331.00000000,"Done":false},{"Time":"2019-04-16T01:39:24","Situation":"flat","Type":"ask","Price":0.08290000,"Amount":447910.10000000,"Done":false},{"Time":"2019-04-16T01:39:24","Situation":"flat","Type":"ask","Price":0.08315000,"Amount":212165.60000000,"Done":false},{"Time":"2019-04-16T01:39:24","Situation":"flat","Type":"ask","Price":0.08328000,"Amount":212165.60000000,"Done":false},{"Time":"2019-04-16T01:44:27","Situation":"flat","Type":"ask","Price":0.08219000,"Amount":199125.60000000,"Done":false},{"Time":"2019-04-16T01:44:27","Situation":"flat","Type":"ask","Price":0.08228000,"Amount":141943.70000000,"Done":false},{"Time":"2019-04-16T01:44:27","Situation":"flat","Type":"ask","Price":0.08245000,"Amount":356866.00000000,"Done":false},{"Time":"2019-04-16T01:44:27","Situation":"flat","Type":"ask","Price":0.08275000,"Amount":133331.00000000,"Done":false},{"Time":"2019-04-16T01:44:27","Situation":"flat","Type":"ask","Price":0.08290000,"Amount":447910.10000000,"Done":false},{"Time":"2019-04-16T01:44:27","Situation":"flat","Type":"ask","Price":0.08315000,"Amount":212165.60000000,"Done":false},{"Time":"2019-04-16T01:44:27","Situation":"flat","Type":"ask","Price":0.08328000,"Amount":212165.60000000,"Done":false},{"Time":"2019-04-16T01:49:30","Situation":"flat","Type":"ask","Price":0.08219000,"Amount":199125.60000000,"Done":false},{"Time":"2019-04-16T01:49:30","Situation":"flat","Type":"ask","Price":0.08228000,"Amount":141943.70000000,"Done":false},{"Time":"2019-04-16T01:49:30","Situation":"flat","Type":"ask","Price":0.08245000,"Amount":356866.00000000,"Done":false},{"Time":"2019-04-16T01:49:30","Situation":"flat","Type":"ask","Price":0.08275000,"Amount":133331.00000000,"Done":false},{"Time":"2019-04-16T01:49:30","Situation":"flat","Type":"ask","Price":0.08290000,"Amount":447910.10000000,"Done":false},{"Time":"2019-04-16T01:49:30","Situation":"flat","Type":"ask","Price":0.08315000,"Amount":212165.60000000,"Done":false},{"Time":"2019-04-16T01:49:30","Situation":"flat","Type":"ask","Price":0.08328000,"Amount":212165.60000000,"Done":false},{"Time":"2019-04-16T01:54:30","Situation":"flat","Type":"ask","Price":0.08219000,"Amount":199125.60000000,"Done":false},{"Time":"2019-04-16T01:54:30","Situation":"flat","Type":"ask","Price":0.08228000,"Amount":141943.70000000,"Done":false},{"Time":"2019-04-16T01:54:30","Situation":"flat","Type":"ask","Price":0.08245000,"Amount":356866.00000000,"Done":false},{"Time":"2019-04-16T01:54:30","Situation":"flat","Type":"ask","Price":0.08275000,"Amount":133331.00000000,"Done":false},{"Time":"2019-04-16T01:54:30","Situation":"flat","Type":"ask","Price":0.08290000,"Amount":447910.10000000,"Done":false},{"Time":"2019-04-16T01:54:30","Situation":"flat","Type":"ask","Price":0.08315000,"Amount":212165.60000000,"Done":false},{"Time":"2019-04-16T01:54:30","Situation":"flat","Type":"ask","Price":0.08328000,"Amount":212165.60000000,"Done":false},{"Time":"2019-04-16T01:59:30","Situation":"flat","Type":"ask","Price":0.08219000,"Amount":199125.60000000,"Done":false},{"Time":"2019-04-16T01:59:30","Situation":"flat","Type":"ask","Price":0.08228000,"Amount":141943.70000000,"Done":false},{"Time":"2019-04-16T01:59:30","Situation":"flat","Type":"ask","Price":0.08245000,"Amount":356866.00000000,"Done":false},{"Time":"2019-04-16T01:59:30","Situation":"flat","Type":"ask","Price":0.08275000,"Amount":133331.00000000,"Done":false},{"Time":"2019-04-16T01:59:30","Situation":"flat","Type":"ask","Price":0.08290000,"Amount":447910.10000000,"Done":false},{"Time":"2019-04-16T01:59:30","Situation":"flat","Type":"ask","Price":0.08315000,"Amount":212165.60000000,"Done":false},{"Time":"2019-04-16T01:59:30","Situation":"flat","Type":"ask","Price":0.08328000,"Amount":212165.60000000,"Done":false},{"Time":"2019-04-16T02:04:33","Situation":"flat","Type":"ask","Price":0.08200000,"Amount":130103.20000000,"Done":false},{"Time":"2019-04-16T02:04:33","Situation":"flat","Type":"ask","Price":0.08219000,"Amount":189013.50000000,"Done":false},{"Time":"2019-04-16T02:04:33","Situation":"flat","Type":"ask","Price":0.08223000,"Amount":356866.00000000,"Done":false},{"Time":"2019-04-16T02:04:33","Situation":"flat","Type":"ask","Price":0.08228000,"Amount":141943.70000000,"Done":false},{"Time":"2019-04-16T02:04:33","Situation":"flat","Type":"ask","Price":0.08275000,"Amount":133331.00000000,"Done":false},{"Time":"2019-04-16T02:04:33","Situation":"flat","Type":"ask","Price":0.08290000,"Amount":447910.10000000,"Done":false},{"Time":"2019-04-16T02:04:33","Situation":"flat","Type":"ask","Price":0.08315000,"Amount":212165.60000000,"Done":false},{"Time":"2019-04-16T02:04:33","Situation":"flat","Type":"ask","Price":0.08328000,"Amount":212165.60000000,"Done":false},{"Time":"2019-04-16T02:09:36","Situation":"flat","Type":"ask","Price":0.08219000,"Amount":189626.70000000,"Done":false},{"Time":"2019-04-16T02:09:36","Situation":"flat","Type":"ask","Price":0.08223000,"Amount":356866.00000000,"Done":false},{"Time":"2019-04-16T02:09:36","Situation":"flat","Type":"ask","Price":0.08228000,"Amount":141943.70000000,"Done":false},{"Time":"2019-04-16T02:09:36","Situation":"flat","Type":"ask","Price":0.08275000,"Amount":133331.00000000,"Done":false},{"Time":"2019-04-16T02:09:36","Situation":"flat","Type":"ask","Price":0.08290000,"Amount":447910.10000000,"Done":false},{"Time":"2019-04-16T02:09:36","Situation":"flat","Type":"ask","Price":0.08315000,"Amount":212165.60000000,"Done":false},{"Time":"2019-04-16T02:09:36","Situation":"flat","Type":"ask","Price":0.08328000,"Amount":212165.60000000,"Done":false},{"Time":"2019-04-16T02:14:38","Situation":"flat","Type":"ask","Price":0.08209000,"Amount":358703.00000000,"Done":false},{"Time":"2019-04-16T02:14:38","Situation":"flat","Type":"ask","Price":0.08219000,"Amount":189013.50000000,"Done":false},{"Time":"2019-04-16T02:14:38","Situation":"flat","Type":"ask","Price":0.08228000,"Amount":141943.70000000,"Done":false},{"Time":"2019-04-16T02:14:38","Situation":"flat","Type":"ask","Price":0.08250000,"Amount":136706.00000000,"Done":false},{"Time":"2019-04-16T02:14:38","Situation":"flat","Type":"ask","Price":0.08290000,"Amount":447910.10000000,"Done":false},{"Time":"2019-04-16T02:14:38","Situation":"flat","Type":"ask","Price":0.08315000,"Amount":212165.60000000,"Done":false},{"Time":"2019-04-16T02:14:38","Situation":"flat","Type":"ask","Price":0.08328000,"Amount":212165.60000000,"Done":false},{"Time":"2019-04-16T02:19:38","Situation":"flat","Type":"ask","Price":0.08209000,"Amount":356866.00000000,"Done":false},{"Time":"2019-04-16T02:19:38","Situation":"flat","Type":"ask","Price":0.08219000,"Amount":189013.50000000,"Done":false},{"Time":"2019-04-16T02:19:38","Situation":"flat","Type":"ask","Price":0.08228000,"Amount":141943.70000000,"Done":false},{"Time":"2019-04-16T02:19:38","Situation":"flat","Type":"ask","Price":0.08250000,"Amount":136706.00000000,"Done":false},{"Time":"2019-04-16T02:19:38","Situation":"flat","Type":"ask","Price":0.08290000,"Amount":447910.10000000,"Done":false},{"Time":"2019-04-16T02:19:38","Situation":"flat","Type":"ask","Price":0.08315000,"Amount":212165.60000000,"Done":false},{"Time":"2019-04-16T02:19:38","Situation":"flat","Type":"ask","Price":0.08328000,"Amount":212165.60000000,"Done":false},{"Time":"2019-04-16T02:24:40","Situation":"flat","Type":"ask","Price":0.08209000,"Amount":356866.00000000,"Done":false},{"Time":"2019-04-16T02:24:40","Situation":"flat","Type":"ask","Price":0.08219000,"Amount":189013.50000000,"Done":false},{"Time":"2019-04-16T02:24:40","Situation":"flat","Type":"ask","Price":0.08228000,"Amount":141943.70000000,"Done":false},{"Time":"2019-04-16T02:24:40","Situation":"flat","Type":"ask","Price":0.08250000,"Amount":136706.00000000,"Done":false},{"Time":"2019-04-16T02:24:40","Situation":"flat","Type":"ask","Price":0.08290000,"Amount":447910.10000000,"Done":false},{"Time":"2019-04-16T02:24:40","Situation":"flat","Type":"ask","Price":0.08315000,"Amount":212165.60000000,"Done":false},{"Time":"2019-04-16T02:24:40","Situation":"flat","Type":"ask","Price":0.08328000,"Amount":212165.60000000,"Done":false},{"Time":"2019-04-16T02:29:43","Situation":"flat","Type":"ask","Price":0.08209000,"Amount":356866.00000000,"Done":false},{"Time":"2019-04-16T02:29:43","Situation":"flat","Type":"ask","Price":0.08219000,"Amount":189013.50000000,"Done":false},{"Time":"2019-04-16T02:29:43","Situation":"flat","Type":"ask","Price":0.08228000,"Amount":141943.70000000,"Done":false},{"Time":"2019-04-16T02:29:43","Situation":"flat","Type":"ask","Price":0.08250000,"Amount":136706.00000000,"Done":false},{"Time":"2019-04-16T02:29:43","Situation":"flat","Type":"ask","Price":0.08290000,"Amount":447910.10000000,"Done":false},{"Time":"2019-04-16T02:29:43","Situation":"flat","Type":"ask","Price":0.08315000,"Amount":212165.60000000,"Done":false},{"Time":"2019-04-16T02:29:43","Situation":"flat","Type":"ask","Price":0.08328000,"Amount":212165.60000000,"Done":false},{"Time":"2019-04-16T02:34:45","Situation":"flat","Type":"ask","Price":0.08209000,"Amount":356866.00000000,"Done":false},{"Time":"2019-04-16T02:34:45","Situation":"flat","Type":"ask","Price":0.08219000,"Amount":189013.50000000,"Done":false},{"Time":"2019-04-16T02:34:45","Situation":"flat","Type":"ask","Price":0.08228000,"Amount":141943.70000000,"Done":false},{"Time":"2019-04-16T02:34:45","Situation":"flat","Type":"ask","Price":0.08250000,"Amount":136706.00000000,"Done":false},{"Time":"2019-04-16T02:34:45","Situation":"flat","Type":"ask","Price":0.08290000,"Amount":447910.10000000,"Done":false},{"Time":"2019-04-16T02:34:45","Situation":"flat","Type":"ask","Price":0.08315000,"Amount":212165.60000000,"Done":false},{"Time":"2019-04-16T02:34:45","Situation":"flat","Type":"ask","Price":0.08328000,"Amount":212165.60000000,"Done":false},{"Time":"2019-04-16T02:39:46","Situation":"flat","Type":"ask","Price":0.08209000,"Amount":356866.00000000,"Done":false},{"Time":"2019-04-16T02:39:46","Situation":"flat","Type":"ask","Price":0.08219000,"Amount":189013.50000000,"Done":false},{"Time":"2019-04-16T02:39:46","Situation":"flat","Type":"ask","Price":0.08228000,"Amount":141943.70000000,"Done":false},{"Time":"2019-04-16T02:39:46","Situation":"flat","Type":"ask","Price":0.08250000,"Amount":136706.00000000,"Done":false},{"Time":"2019-04-16T02:39:46","Situation":"flat","Type":"ask","Price":0.08290000,"Amount":447910.10000000,"Done":false},{"Time":"2019-04-16T02:39:46","Situation":"flat","Type":"ask","Price":0.08315000,"Amount":212165.60000000,"Done":false},{"Time":"2019-04-16T02:39:46","Situation":"flat","Type":"ask","Price":0.08328000,"Amount":212165.60000000,"Done":false},{"Time":"2019-04-16T02:44:49","Situation":"flat","Type":"ask","Price":0.08187000,"Amount":356866.00000000,"Done":false},{"Time":"2019-04-16T02:44:49","Situation":"flat","Type":"ask","Price":0.08219000,"Amount":189013.50000000,"Done":false},{"Time":"2019-04-16T02:44:49","Situation":"flat","Type":"ask","Price":0.08228000,"Amount":141943.70000000,"Done":false},{"Time":"2019-04-16T02:44:49","Situation":"flat","Type":"ask","Price":0.08250000,"Amount":136706.00000000,"Done":false},{"Time":"2019-04-16T02:44:49","Situation":"flat","Type":"ask","Price":0.08290000,"Amount":447910.10000000,"Done":false},{"Time":"2019-04-16T02:44:49","Situation":"flat","Type":"ask","Price":0.08315000,"Amount":212165.60000000,"Done":false},{"Time":"2019-04-16T02:44:49","Situation":"flat","Type":"ask","Price":0.08328000,"Amount":212165.60000000,"Done":false},{"Time":"2019-04-16T02:49:50","Situation":"flat","Type":"ask","Price":0.08187000,"Amount":356866.00000000,"Done":false},{"Time":"2019-04-16T02:49:50","Situation":"flat","Type":"ask","Price":0.08219000,"Amount":189013.50000000,"Done":false},{"Time":"2019-04-16T02:49:50","Situation":"flat","Type":"ask","Price":0.08228000,"Amount":141943.70000000,"Done":false},{"Time":"2019-04-16T02:49:50","Situation":"flat","Type":"ask","Price":0.08250000,"Amount":136706.00000000,"Done":false},{"Time":"2019-04-16T02:49:50","Situation":"flat","Type":"ask","Price":0.08290000,"Amount":447910.10000000,"Done":false},{"Time":"2019-04-16T02:49:50","Situation":"flat","Type":"ask","Price":0.08315000,"Amount":212165.60000000,"Done":false},{"Time":"2019-04-16T02:49:50","Situation":"flat","Type":"ask","Price":0.08328000,"Amount":212165.60000000,"Done":false},{"Time":"2019-04-16T02:54:53","Situation":"flat","Type":"ask","Price":0.08187000,"Amount":356866.00000000,"Done":false},{"Time":"2019-04-16T02:54:53","Situation":"flat","Type":"ask","Price":0.08219000,"Amount":192680.40000000,"Done":false},{"Time":"2019-04-16T02:54:53","Situation":"flat","Type":"ask","Price":0.08228000,"Amount":141943.70000000,"Done":false},{"Time":"2019-04-16T02:54:53","Situation":"flat","Type":"ask","Price":0.08250000,"Amount":136706.00000000,"Done":false},{"Time":"2019-04-16T02:54:53","Situation":"flat","Type":"ask","Price":0.08290000,"Amount":447910.10000000,"Done":false},{"Time":"2019-04-16T02:54:53","Situation":"flat","Type":"ask","Price":0.08315000,"Amount":212165.60000000,"Done":false},{"Time":"2019-04-16T02:59:57","Situation":"flat","Type":"ask","Price":0.08187000,"Amount":356866.00000000,"Done":false},{"Time":"2019-04-16T02:59:57","Situation":"flat","Type":"ask","Price":0.08219000,"Amount":192680.40000000,"Done":false},{"Time":"2019-04-16T02:59:57","Situation":"flat","Type":"ask","Price":0.08228000,"Amount":141943.70000000,"Done":false},{"Time":"2019-04-16T02:59:57","Situation":"flat","Type":"ask","Price":0.08241000,"Amount":165759.30000000,"Done":false},{"Time":"2019-04-16T02:59:57","Situation":"flat","Type":"ask","Price":0.08250000,"Amount":136706.00000000,"Done":false},{"Time":"2019-04-16T02:59:57","Situation":"flat","Type":"ask","Price":0.08290000,"Amount":447910.10000000,"Done":false},{"Time":"2019-04-16T03:04:57","Situation":"flat","Type":"ask","Price":0.08187000,"Amount":356866.00000000,"Done":false},{"Time":"2019-04-16T03:04:57","Situation":"flat","Type":"ask","Price":0.08208000,"Amount":133331.00000000,"Done":false},{"Time":"2019-04-16T03:04:57","Situation":"flat","Type":"ask","Price":0.08219000,"Amount":192680.40000000,"Done":false},{"Time":"2019-04-16T03:04:57","Situation":"flat","Type":"ask","Price":0.08228000,"Amount":141943.70000000,"Done":false},{"Time":"2019-04-16T03:04:57","Situation":"flat","Type":"ask","Price":0.08259000,"Amount":166709.50000000,"Done":false},{"Time":"2019-04-16T03:04:57","Situation":"flat","Type":"ask","Price":0.08290000,"Amount":447910.10000000,"Done":false},{"Time":"2019-04-16T03:04:57","Situation":"flat","Type":"ask","Price":0.08315000,"Amount":212165.60000000,"Done":false},{"Time":"2019-04-16T03:09:58","Situation":"flat","Type":"ask","Price":0.08187000,"Amount":356866.00000000,"Done":false},{"Time":"2019-04-16T03:09:58","Situation":"flat","Type":"ask","Price":0.08208000,"Amount":133331.00000000,"Done":false},{"Time":"2019-04-16T03:09:58","Situation":"flat","Type":"ask","Price":0.08219000,"Amount":189013.50000000,"Done":false},{"Time":"2019-04-16T03:09:58","Situation":"flat","Type":"ask","Price":0.08228000,"Amount":141943.70000000,"Done":false},{"Time":"2019-04-16T03:09:58","Situation":"flat","Type":"ask","Price":0.08256000,"Amount":165759.30000000,"Done":false},{"Time":"2019-04-16T03:09:58","Situation":"flat","Type":"ask","Price":0.08290000,"Amount":447910.10000000,"Done":false},{"Time":"2019-04-16T03:09:58","Situation":"flat","Type":"ask","Price":0.08315000,"Amount":212165.60000000,"Done":false},{"Time":"2019-04-16T03:15:00","Situation":"flat","Type":"ask","Price":0.08187000,"Amount":356866.00000000,"Done":false},{"Time":"2019-04-16T03:15:00","Situation":"flat","Type":"ask","Price":0.08208000,"Amount":133945.50000000,"Done":false},{"Time":"2019-04-16T03:15:00","Situation":"flat","Type":"ask","Price":0.08219000,"Amount":189013.50000000,"Done":false},{"Time":"2019-04-16T03:15:00","Situation":"flat","Type":"ask","Price":0.08228000,"Amount":141943.70000000,"Done":false},{"Time":"2019-04-16T03:15:00","Situation":"flat","Type":"ask","Price":0.08263000,"Amount":166159.30000000,"Done":false},{"Time":"2019-04-16T03:15:00","Situation":"flat","Type":"ask","Price":0.08290000,"Amount":447910.10000000,"Done":false},{"Time":"2019-04-16T03:15:00","Situation":"flat","Type":"ask","Price":0.08315000,"Amount":212165.60000000,"Done":false},{"Time":"2019-04-16T03:15:00","Situation":"flat","Type":"ask","Price":0.08328000,"Amount":212165.60000000,"Done":false},{"Time":"2019-04-16T03:19:28","Situation":"trend","Type":"ask","Price":0.08214000,"Amount":357768.00000000,"Done":false},{"Time":"2019-04-16T03:19:28","Situation":"trend","Type":"ask","Price":0.08219000,"Amount":189013.50000000,"Done":false},{"Time":"2019-04-16T03:19:28","Situation":"trend","Type":"ask","Price":0.08228000,"Amount":141943.70000000,"Done":false},{"Time":"2019-04-16T03:19:28","Situation":"trend","Type":"ask","Price":0.08255000,"Amount":134890.00000000,"Done":false},{"Time":"2019-04-16T03:19:28","Situation":"trend","Type":"ask","Price":0.08290000,"Amount":447910.10000000,"Done":false},{"Time":"2019-04-16T03:19:28","Situation":"trend","Type":"ask","Price":0.08295000,"Amount":166359.30000000,"Done":false},{"Time":"2019-04-16T03:19:28","Situation":"trend","Type":"ask","Price":0.08315000,"Amount":212165.60000000,"Done":false},{"Time":"2019-04-16T03:19:28","Situation":"trend","Type":"ask","Price":0.08328000,"Amount":212165.60000000,"Done":false},{"Time":"2019-04-16T03:24:28","Situation":"flat","Type":"ask","Price":0.08214000,"Amount":357768.00000000,"Done":false},{"Time":"2019-04-16T03:24:28","Situation":"flat","Type":"ask","Price":0.08219000,"Amount":189013.50000000,"Done":false},{"Time":"2019-04-16T03:24:28","Situation":"flat","Type":"ask","Price":0.08228000,"Amount":141943.70000000,"Done":false},{"Time":"2019-04-16T03:24:28","Situation":"flat","Type":"ask","Price":0.08255000,"Amount":134890.00000000,"Done":false},{"Time":"2019-04-16T03:24:28","Situation":"flat","Type":"ask","Price":0.08276000,"Amount":166272.10000000,"Done":false},{"Time":"2019-04-16T03:24:28","Situation":"flat","Type":"ask","Price":0.08290000,"Amount":447910.10000000,"Done":false},{"Time":"2019-04-16T03:24:28","Situation":"flat","Type":"ask","Price":0.08315000,"Amount":212165.60000000,"Done":false},{"Time":"2019-04-16T03:24:28","Situation":"flat","Type":"ask","Price":0.08328000,"Amount":212165.60000000,"Done":false},{"Time":"2019-04-16T03:29:29","Situation":"flat","Type":"ask","Price":0.08214000,"Amount":363161.10000000,"Done":false},{"Time":"2019-04-16T03:29:29","Situation":"flat","Type":"ask","Price":0.08219000,"Amount":189013.50000000,"Done":false},{"Time":"2019-04-16T03:29:29","Situation":"flat","Type":"ask","Price":0.08228000,"Amount":142556.70000000,"Done":false},{"Time":"2019-04-16T03:29:29","Situation":"flat","Type":"ask","Price":0.08255000,"Amount":134890.00000000,"Done":false},{"Time":"2019-04-16T03:29:29","Situation":"flat","Type":"ask","Price":0.08290000,"Amount":447910.10000000,"Done":false},{"Time":"2019-04-16T03:29:29","Situation":"flat","Type":"ask","Price":0.08293000,"Amount":165759.30000000,"Done":false},{"Time":"2019-04-16T03:29:29","Situation":"flat","Type":"ask","Price":0.08315000,"Amount":212165.60000000,"Done":false},{"Time":"2019-04-16T03:29:29","Situation":"flat","Type":"ask","Price":0.08328000,"Amount":212165.60000000,"Done":false},{"Time":"2019-04-16T03:34:30","Situation":"flat","Type":"ask","Price":0.08214000,"Amount":363161.10000000,"Done":false},{"Time":"2019-04-16T03:34:30","Situation":"flat","Type":"ask","Price":0.08219000,"Amount":189626.30000000,"Done":false},{"Time":"2019-04-16T03:34:30","Situation":"flat","Type":"ask","Price":0.08228000,"Amount":141943.70000000,"Done":false},{"Time":"2019-04-16T03:34:30","Situation":"flat","Type":"ask","Price":0.08255000,"Amount":134890.00000000,"Done":false},{"Time":"2019-04-16T03:34:30","Situation":"flat","Type":"ask","Price":0.08287000,"Amount":165759.30000000,"Done":false},{"Time":"2019-04-16T03:34:30","Situation":"flat","Type":"ask","Price":0.08290000,"Amount":447910.10000000,"Done":false},{"Time":"2019-04-16T03:34:30","Situation":"flat","Type":"ask","Price":0.08315000,"Amount":212165.60000000,"Done":false},{"Time":"2019-04-16T03:34:30","Situation":"flat","Type":"ask","Price":0.08328000,"Amount":212165.60000000,"Done":false},{"Time":"2019-04-16T03:39:30","Situation":"flat","Type":"ask","Price":0.08214000,"Amount":363161.10000000,"Done":false},{"Time":"2019-04-16T03:39:30","Situation":"flat","Type":"ask","Price":0.08219000,"Amount":190092.10000000,"Done":false},{"Time":"2019-04-16T03:39:30","Situation":"flat","Type":"ask","Price":0.08228000,"Amount":141943.70000000,"Done":false},{"Time":"2019-04-16T03:39:30","Situation":"flat","Type":"ask","Price":0.08255000,"Amount":134890.00000000,"Done":false},{"Time":"2019-04-16T03:39:30","Situation":"flat","Type":"ask","Price":0.08290000,"Amount":447910.10000000,"Done":false},{"Time":"2019-04-16T03:39:30","Situation":"flat","Type":"ask","Price":0.08315000,"Amount":212165.60000000,"Done":false},{"Time":"2019-04-16T03:39:30","Situation":"flat","Type":"ask","Price":0.08328000,"Amount":212165.60000000,"Done":false},{"Time":"2019-04-16T03:44:30","Situation":"flat","Type":"ask","Price":0.08214000,"Amount":363161.10000000,"Done":false},{"Time":"2019-04-16T03:44:30","Situation":"flat","Type":"ask","Price":0.08219000,"Amount":190092.10000000,"Done":false},{"Time":"2019-04-16T03:44:30","Situation":"flat","Type":"ask","Price":0.08228000,"Amount":141943.70000000,"Done":false},{"Time":"2019-04-16T03:44:30","Situation":"flat","Type":"ask","Price":0.08255000,"Amount":134890.00000000,"Done":false},{"Time":"2019-04-16T03:44:30","Situation":"flat","Type":"ask","Price":0.08290000,"Amount":447910.10000000,"Done":false},{"Time":"2019-04-16T03:44:30","Situation":"flat","Type":"ask","Price":0.08291000,"Amount":165759.30000000,"Done":false},{"Time":"2019-04-16T03:44:30","Situation":"flat","Type":"ask","Price":0.08315000,"Amount":212165.60000000,"Done":false},{"Time":"2019-04-16T03:44:30","Situation":"flat","Type":"ask","Price":0.08328000,"Amount":212165.60000000,"Done":false},{"Time":"2019-04-16T03:49:33","Situation":"flat","Type":"ask","Price":0.08214000,"Amount":363161.10000000,"Done":false},{"Time":"2019-04-16T03:49:33","Situation":"flat","Type":"ask","Price":0.08219000,"Amount":190092.10000000,"Done":false},{"Time":"2019-04-16T03:49:33","Situation":"flat","Type":"ask","Price":0.08228000,"Amount":141943.70000000,"Done":false},{"Time":"2019-04-16T03:49:33","Situation":"flat","Type":"ask","Price":0.08255000,"Amount":134890.00000000,"Done":false},{"Time":"2019-04-16T03:49:33","Situation":"flat","Type":"ask","Price":0.08288000,"Amount":165908.40000000,"Done":false},{"Time":"2019-04-16T03:49:33","Situation":"flat","Type":"ask","Price":0.08290000,"Amount":447910.10000000,"Done":false},{"Time":"2019-04-16T03:49:33","Situation":"flat","Type":"ask","Price":0.08315000,"Amount":212165.60000000,"Done":false},{"Time":"2019-04-16T03:49:33","Situation":"flat","Type":"ask","Price":0.08328000,"Amount":212165.60000000,"Done":false},{"Time":"2019-04-16T03:54:37","Situation":"flat","Type":"ask","Price":0.08161000,"Amount":136417.50000000,"Done":false},{"Time":"2019-04-16T03:54:37","Situation":"flat","Type":"ask","Price":0.08214000,"Amount":363161.10000000,"Done":false},{"Time":"2019-04-16T03:54:37","Situation":"flat","Type":"ask","Price":0.08219000,"Amount":190092.10000000,"Done":false},{"Time":"2019-04-16T03:54:37","Situation":"flat","Type":"ask","Price":0.08228000,"Amount":141943.70000000,"Done":false},{"Time":"2019-04-16T03:54:37","Situation":"flat","Type":"ask","Price":0.08255000,"Amount":134890.00000000,"Done":false},{"Time":"2019-04-16T03:54:37","Situation":"flat","Type":"ask","Price":0.08283000,"Amount":179747.40000000,"Done":false},{"Time":"2019-04-16T03:54:37","Situation":"flat","Type":"ask","Price":0.08290000,"Amount":447910.10000000,"Done":false},{"Time":"2019-04-16T03:54:37","Situation":"flat","Type":"ask","Price":0.08315000,"Amount":212165.60000000,"Done":false},{"Time":"2019-04-16T03:54:37","Situation":"flat","Type":"ask","Price":0.08328000,"Amount":212165.60000000,"Done":false},{"Time":"2019-04-16T03:59:39","Situation":"flat","Type":"ask","Price":0.08214000,"Amount":363161.10000000,"Done":false},{"Time":"2019-04-16T03:59:39","Situation":"flat","Type":"ask","Price":0.08219000,"Amount":190092.10000000,"Done":false},{"Time":"2019-04-16T03:59:39","Situation":"flat","Type":"ask","Price":0.08228000,"Amount":141943.70000000,"Done":false},{"Time":"2019-04-16T03:59:39","Situation":"flat","Type":"ask","Price":0.08255000,"Amount":134890.00000000,"Done":false},{"Time":"2019-04-16T03:59:39","Situation":"flat","Type":"ask","Price":0.08274000,"Amount":166119.30000000,"Done":false},{"Time":"2019-04-16T03:59:39","Situation":"flat","Type":"ask","Price":0.08290000,"Amount":447910.10000000,"Done":false},{"Time":"2019-04-16T03:59:39","Situation":"flat","Type":"ask","Price":0.08315000,"Amount":212165.60000000,"Done":false},{"Time":"2019-04-16T03:59:39","Situation":"flat","Type":"ask","Price":0.08328000,"Amount":212165.60000000,"Done":false},{"Time":"2019-04-16T04:04:39","Situation":"flat","Type":"ask","Price":0.08172000,"Amount":211406.10000000,"Done":false},{"Time":"2019-04-16T04:04:39","Situation":"flat","Type":"ask","Price":0.08214000,"Amount":363161.10000000,"Done":false},{"Time":"2019-04-16T04:04:39","Situation":"flat","Type":"ask","Price":0.08219000,"Amount":190092.10000000,"Done":false},{"Time":"2019-04-16T04:04:39","Situation":"flat","Type":"ask","Price":0.08228000,"Amount":141943.70000000,"Done":false},{"Time":"2019-04-16T04:04:39","Situation":"flat","Type":"ask","Price":0.08255000,"Amount":134890.00000000,"Done":false},{"Time":"2019-04-16T04:04:39","Situation":"flat","Type":"ask","Price":0.08267000,"Amount":167106.60000000,"Done":false},{"Time":"2019-04-16T04:04:39","Situation":"flat","Type":"ask","Price":0.08290000,"Amount":447910.10000000,"Done":false},{"Time":"2019-04-16T04:04:39","Situation":"flat","Type":"ask","Price":0.08315000,"Amount":212165.60000000,"Done":false},{"Time":"2019-04-16T04:04:39","Situation":"flat","Type":"ask","Price":0.08328000,"Amount":212165.60000000,"Done":false},{"Time":"2019-04-16T04:09:43","Situation":"flat","Type":"ask","Price":0.08192000,"Amount":356866.00000000,"Done":false},{"Time":"2019-04-16T04:09:43","Situation":"flat","Type":"ask","Price":0.08219000,"Amount":190092.10000000,"Done":false},{"Time":"2019-04-16T04:09:43","Situation":"flat","Type":"ask","Price":0.08228000,"Amount":141943.70000000,"Done":false},{"Time":"2019-04-16T04:09:43","Situation":"flat","Type":"ask","Price":0.08255000,"Amount":146958.00000000,"Done":false},{"Time":"2019-04-16T04:09:43","Situation":"flat","Type":"ask","Price":0.08272000,"Amount":165759.30000000,"Done":false},{"Time":"2019-04-16T04:09:43","Situation":"flat","Type":"ask","Price":0.08290000,"Amount":447910.10000000,"Done":false},{"Time":"2019-04-16T04:09:43","Situation":"flat","Type":"ask","Price":0.08315000,"Amount":212165.60000000,"Done":false},{"Time":"2019-04-16T04:09:43","Situation":"flat","Type":"ask","Price":0.08328000,"Amount":212165.60000000,"Done":false},{"Time":"2019-04-16T04:14:45","Situation":"flat","Type":"ask","Price":0.08171000,"Amount":494123.50000000,"Done":false},{"Time":"2019-04-16T04:14:45","Situation":"flat","Type":"ask","Price":0.08192000,"Amount":356866.00000000,"Done":false},{"Time":"2019-04-16T04:14:45","Situation":"flat","Type":"ask","Price":0.08219000,"Amount":190092.10000000,"Done":false},{"Time":"2019-04-16T04:14:45","Situation":"flat","Type":"ask","Price":0.08228000,"Amount":141943.70000000,"Done":false},{"Time":"2019-04-16T04:14:45","Situation":"flat","Type":"ask","Price":0.08255000,"Amount":146958.00000000,"Done":false},{"Time":"2019-04-16T04:14:45","Situation":"flat","Type":"ask","Price":0.08267000,"Amount":167106.60000000,"Done":false},{"Time":"2019-04-16T04:14:45","Situation":"flat","Type":"ask","Price":0.08290000,"Amount":447910.10000000,"Done":false},{"Time":"2019-04-16T04:14:45","Situation":"flat","Type":"ask","Price":0.08315000,"Amount":212165.60000000,"Done":false},{"Time":"2019-04-16T04:19:45","Situation":"flat","Type":"ask","Price":0.08171000,"Amount":494123.50000000,"Done":false},{"Time":"2019-04-16T04:19:45","Situation":"flat","Type":"ask","Price":0.08192000,"Amount":356866.00000000,"Done":false},{"Time":"2019-04-16T04:19:45","Situation":"flat","Type":"ask","Price":0.08219000,"Amount":190092.10000000,"Done":false},{"Time":"2019-04-16T04:19:45","Situation":"flat","Type":"ask","Price":0.08228000,"Amount":141943.70000000,"Done":false},{"Time":"2019-04-16T04:19:45","Situation":"flat","Type":"ask","Price":0.08255000,"Amount":146958.00000000,"Done":false},{"Time":"2019-04-16T04:19:45","Situation":"flat","Type":"ask","Price":0.08264000,"Amount":165759.30000000,"Done":false},{"Time":"2019-04-16T04:19:45","Situation":"flat","Type":"ask","Price":0.08290000,"Amount":447910.10000000,"Done":false},{"Time":"2019-04-16T04:19:45","Situation":"flat","Type":"ask","Price":0.08315000,"Amount":212165.60000000,"Done":false},{"Time":"2019-04-16T04:24:45","Situation":"flat","Type":"ask","Price":0.08171000,"Amount":494123.50000000,"Done":false},{"Time":"2019-04-16T04:24:45","Situation":"flat","Type":"ask","Price":0.08192000,"Amount":356866.00000000,"Done":false},{"Time":"2019-04-16T04:24:45","Situation":"flat","Type":"ask","Price":0.08219000,"Amount":190092.10000000,"Done":false},{"Time":"2019-04-16T04:24:45","Situation":"flat","Type":"ask","Price":0.08228000,"Amount":141943.70000000,"Done":false},{"Time":"2019-04-16T04:24:45","Situation":"flat","Type":"ask","Price":0.08255000,"Amount":146958.00000000,"Done":false},{"Time":"2019-04-16T04:24:45","Situation":"flat","Type":"ask","Price":0.08272000,"Amount":165759.30000000,"Done":false},{"Time":"2019-04-16T04:24:45","Situation":"flat","Type":"ask","Price":0.08290000,"Amount":447910.10000000,"Done":false},{"Time":"2019-04-16T04:24:45","Situation":"flat","Type":"ask","Price":0.08315000,"Amount":212165.60000000,"Done":false},{"Time":"2019-04-16T04:29:49","Situation":"flat","Type":"ask","Price":0.08171000,"Amount":494123.50000000,"Done":false},{"Time":"2019-04-16T04:29:49","Situation":"flat","Type":"ask","Price":0.08192000,"Amount":356866.00000000,"Done":false},{"Time":"2019-04-16T04:29:49","Situation":"flat","Type":"ask","Price":0.08219000,"Amount":190092.10000000,"Done":false},{"Time":"2019-04-16T04:29:49","Situation":"flat","Type":"ask","Price":0.08228000,"Amount":141943.70000000,"Done":false},{"Time":"2019-04-16T04:29:49","Situation":"flat","Type":"ask","Price":0.08255000,"Amount":146958.00000000,"Done":false},{"Time":"2019-04-16T04:29:49","Situation":"flat","Type":"ask","Price":0.08283000,"Amount":179747.40000000,"Done":false},{"Time":"2019-04-16T04:29:49","Situation":"flat","Type":"ask","Price":0.08290000,"Amount":447910.10000000,"Done":false},{"Time":"2019-04-16T04:29:49","Situation":"flat","Type":"ask","Price":0.08315000,"Amount":212165.60000000,"Done":false},{"Time":"2019-04-16T04:34:50","Situation":"flat","Type":"ask","Price":0.08171000,"Amount":447787.00000000,"Done":false},{"Time":"2019-04-16T04:34:50","Situation":"flat","Type":"ask","Price":0.08215000,"Amount":358851.00000000,"Done":false},{"Time":"2019-04-16T04:34:50","Situation":"flat","Type":"ask","Price":0.08219000,"Amount":190092.10000000,"Done":false},{"Time":"2019-04-16T04:34:50","Situation":"flat","Type":"ask","Price":0.08228000,"Amount":141943.70000000,"Done":false},{"Time":"2019-04-16T04:34:50","Situation":"flat","Type":"ask","Price":0.08255000,"Amount":146958.00000000,"Done":false},{"Time":"2019-04-16T04:34:50","Situation":"flat","Type":"ask","Price":0.08282000,"Amount":165759.30000000,"Done":false},{"Time":"2019-04-16T04:34:50","Situation":"flat","Type":"ask","Price":0.08290000,"Amount":447910.10000000,"Done":false},{"Time":"2019-04-16T04:34:50","Situation":"flat","Type":"ask","Price":0.08315000,"Amount":212165.60000000,"Done":false},{"Time":"2019-04-16T04:34:50","Situation":"flat","Type":"ask","Price":0.08328000,"Amount":212165.60000000,"Done":false},{"Time":"2019-04-16T04:39:54","Situation":"flat","Type":"ask","Price":0.08171000,"Amount":447787.00000000,"Done":false},{"Time":"2019-04-16T04:39:54","Situation":"flat","Type":"ask","Price":0.08215000,"Amount":358851.00000000,"Done":false},{"Time":"2019-04-16T04:39:54","Situation":"flat","Type":"ask","Price":0.08219000,"Amount":190092.10000000,"Done":false},{"Time":"2019-04-16T04:39:54","Situation":"flat","Type":"ask","Price":0.08228000,"Amount":141943.70000000,"Done":false},{"Time":"2019-04-16T04:39:54","Situation":"flat","Type":"ask","Price":0.08255000,"Amount":146958.00000000,"Done":false},{"Time":"2019-04-16T04:39:54","Situation":"flat","Type":"ask","Price":0.08285000,"Amount":174328.10000000,"Done":false},{"Time":"2019-04-16T04:39:54","Situation":"flat","Type":"ask","Price":0.08290000,"Amount":447910.10000000,"Done":false},{"Time":"2019-04-16T04:39:54","Situation":"flat","Type":"ask","Price":0.08315000,"Amount":212165.60000000,"Done":false},{"Time":"2019-04-16T04:39:54","Situation":"flat","Type":"ask","Price":0.08328000,"Amount":212165.60000000,"Done":false},{"Time":"2019-04-16T04:44:57","Situation":"flat","Type":"ask","Price":0.08171000,"Amount":447787.00000000,"Done":false},{"Time":"2019-04-16T04:44:57","Situation":"flat","Type":"ask","Price":0.08215000,"Amount":358851.00000000,"Done":false},{"Time":"2019-04-16T04:44:57","Situation":"flat","Type":"ask","Price":0.08219000,"Amount":190092.10000000,"Done":false},{"Time":"2019-04-16T04:44:57","Situation":"flat","Type":"ask","Price":0.08228000,"Amount":141943.70000000,"Done":false},{"Time":"2019-04-16T04:44:57","Situation":"flat","Type":"ask","Price":0.08255000,"Amount":146958.00000000,"Done":false},{"Time":"2019-04-16T04:44:57","Situation":"flat","Type":"ask","Price":0.08282000,"Amount":165759.30000000,"Done":false},{"Time":"2019-04-16T04:44:57","Situation":"flat","Type":"ask","Price":0.08290000,"Amount":447910.10000000,"Done":false},{"Time":"2019-04-16T04:44:57","Situation":"flat","Type":"ask","Price":0.08315000,"Amount":212165.60000000,"Done":false},{"Time":"2019-04-16T04:44:57","Situation":"flat","Type":"ask","Price":0.08328000,"Amount":212165.60000000,"Done":false},{"Time":"2019-04-16T04:50:00","Situation":"flat","Type":"ask","Price":0.08171000,"Amount":447787.00000000,"Done":false},{"Time":"2019-04-16T04:50:00","Situation":"flat","Type":"ask","Price":0.08215000,"Amount":358851.00000000,"Done":false},{"Time":"2019-04-16T04:50:00","Situation":"flat","Type":"ask","Price":0.08219000,"Amount":190092.10000000,"Done":false},{"Time":"2019-04-16T04:50:00","Situation":"flat","Type":"ask","Price":0.08228000,"Amount":141943.70000000,"Done":false},{"Time":"2019-04-16T04:50:00","Situation":"flat","Type":"ask","Price":0.08255000,"Amount":146958.00000000,"Done":false},{"Time":"2019-04-16T04:50:00","Situation":"flat","Type":"ask","Price":0.08284000,"Amount":165759.30000000,"Done":false},{"Time":"2019-04-16T04:50:00","Situation":"flat","Type":"ask","Price":0.08290000,"Amount":447910.10000000,"Done":false},{"Time":"2019-04-16T04:50:00","Situation":"flat","Type":"ask","Price":0.08315000,"Amount":212165.60000000,"Done":false},{"Time":"2019-04-16T04:50:00","Situation":"flat","Type":"ask","Price":0.08328000,"Amount":212165.60000000,"Done":false},{"Time":"2019-04-16T04:55:04","Situation":"flat","Type":"ask","Price":0.08171000,"Amount":447787.00000000,"Done":false},{"Time":"2019-04-16T04:55:04","Situation":"flat","Type":"ask","Price":0.08215000,"Amount":357016.00000000,"Done":false},{"Time":"2019-04-16T04:55:04","Situation":"flat","Type":"ask","Price":0.08219000,"Amount":190092.10000000,"Done":false},{"Time":"2019-04-16T04:55:04","Situation":"flat","Type":"ask","Price":0.08228000,"Amount":141943.70000000,"Done":false},{"Time":"2019-04-16T04:55:04","Situation":"flat","Type":"ask","Price":0.08255000,"Amount":146958.00000000,"Done":false},{"Time":"2019-04-16T04:55:04","Situation":"flat","Type":"ask","Price":0.08263000,"Amount":166159.30000000,"Done":false},{"Time":"2019-04-16T04:55:04","Situation":"flat","Type":"ask","Price":0.08290000,"Amount":447910.10000000,"Done":false},{"Time":"2019-04-16T04:55:04","Situation":"flat","Type":"ask","Price":0.08315000,"Amount":212165.60000000,"Done":false},{"Time":"2019-04-16T05:00:05","Situation":"flat","Type":"ask","Price":0.08148000,"Amount":264226.80000000,"Done":false},{"Time":"2019-04-16T05:00:05","Situation":"flat","Type":"ask","Price":0.08171000,"Amount":447787.00000000,"Done":false},{"Time":"2019-04-16T05:00:05","Situation":"flat","Type":"ask","Price":0.08193000,"Amount":358036.00000000,"Done":false},{"Time":"2019-04-16T05:00:05","Situation":"flat","Type":"ask","Price":0.08219000,"Amount":190092.10000000,"Done":false},{"Time":"2019-04-16T05:00:05","Situation":"flat","Type":"ask","Price":0.08228000,"Amount":141943.70000000,"Done":false},{"Time":"2019-04-16T05:00:05","Situation":"flat","Type":"ask","Price":0.08255000,"Amount":146958.00000000,"Done":false},{"Time":"2019-04-16T05:00:05","Situation":"flat","Type":"ask","Price":0.08267000,"Amount":167106.60000000,"Done":false},{"Time":"2019-04-16T05:00:05","Situation":"flat","Type":"ask","Price":0.08290000,"Amount":447910.10000000,"Done":false},{"Time":"2019-04-16T05:00:05","Situation":"flat","Type":"ask","Price":0.08315000,"Amount":212165.60000000,"Done":false},{"Time":"2019-04-16T05:05:06","Situation":"flat","Type":"ask","Price":0.08171000,"Amount":447787.00000000,"Done":false},{"Time":"2019-04-16T05:05:06","Situation":"flat","Type":"ask","Price":0.08193000,"Amount":358036.00000000,"Done":false},{"Time":"2019-04-16T05:05:06","Situation":"flat","Type":"ask","Price":0.08219000,"Amount":190092.10000000,"Done":false},{"Time":"2019-04-16T05:05:06","Situation":"flat","Type":"ask","Price":0.08228000,"Amount":141943.70000000,"Done":false},{"Time":"2019-04-16T05:05:06","Situation":"flat","Type":"ask","Price":0.08255000,"Amount":146958.00000000,"Done":false},{"Time":"2019-04-16T05:05:06","Situation":"flat","Type":"ask","Price":0.08269000,"Amount":166371.70000000,"Done":false},{"Time":"2019-04-16T05:05:06","Situation":"flat","Type":"ask","Price":0.08290000,"Amount":447910.10000000,"Done":false},{"Time":"2019-04-16T05:05:06","Situation":"flat","Type":"ask","Price":0.08315000,"Amount":212165.60000000,"Done":false},{"Time":"2019-04-16T05:10:10","Situation":"flat","Type":"ask","Price":0.08170000,"Amount":157698.60000000,"Done":false},{"Time":"2019-04-16T05:10:10","Situation":"flat","Type":"ask","Price":0.08171000,"Amount":447787.00000000,"Done":false},{"Time":"2019-04-16T05:10:10","Situation":"flat","Type":"ask","Price":0.08193000,"Amount":368148.10000000,"Done":false},{"Time":"2019-04-16T05:10:10","Situation":"flat","Type":"ask","Price":0.08219000,"Amount":190705.50000000,"Done":false},{"Time":"2019-04-16T05:10:10","Situation":"flat","Type":"ask","Price":0.08228000,"Amount":141943.70000000,"Done":false},{"Time":"2019-04-16T05:10:10","Situation":"flat","Type":"ask","Price":0.08255000,"Amount":146958.00000000,"Done":false},{"Time":"2019-04-16T05:10:10","Situation":"flat","Type":"ask","Price":0.08286000,"Amount":165759.30000000,"Done":false},{"Time":"2019-04-16T05:10:10","Situation":"flat","Type":"ask","Price":0.08290000,"Amount":447910.10000000,"Done":false},{"Time":"2019-04-16T05:10:10","Situation":"flat","Type":"ask","Price":0.08315000,"Amount":212165.60000000,"Done":false},{"Time":"2019-04-16T05:15:11","Situation":"flat","Type":"ask","Price":0.08171000,"Amount":447787.00000000,"Done":false},{"Time":"2019-04-16T05:15:11","Situation":"flat","Type":"ask","Price":0.08193000,"Amount":358036.00000000,"Done":false},{"Time":"2019-04-16T05:15:11","Situation":"flat","Type":"ask","Price":0.08219000,"Amount":190092.10000000,"Done":false},{"Time":"2019-04-16T05:15:11","Situation":"flat","Type":"ask","Price":0.08228000,"Amount":141943.70000000,"Done":false},{"Time":"2019-04-16T05:15:11","Situation":"flat","Type":"ask","Price":0.08255000,"Amount":146958.00000000,"Done":false},{"Time":"2019-04-16T05:15:11","Situation":"flat","Type":"ask","Price":0.08269000,"Amount":166371.70000000,"Done":false},{"Time":"2019-04-16T05:15:11","Situation":"flat","Type":"ask","Price":0.08290000,"Amount":447910.10000000,"Done":false},{"Time":"2019-04-16T05:15:11","Situation":"flat","Type":"ask","Price":0.08315000,"Amount":212165.60000000,"Done":false},{"Time":"2019-04-16T05:20:13","Situation":"flat","Type":"ask","Price":0.08171000,"Amount":447787.00000000,"Done":false},{"Time":"2019-04-16T05:20:13","Situation":"flat","Type":"ask","Price":0.08193000,"Amount":358036.00000000,"Done":false},{"Time":"2019-04-16T05:20:13","Situation":"flat","Type":"ask","Price":0.08219000,"Amount":190092.10000000,"Done":false},{"Time":"2019-04-16T05:20:13","Situation":"flat","Type":"ask","Price":0.08228000,"Amount":141943.70000000,"Done":false},{"Time":"2019-04-16T05:20:13","Situation":"flat","Type":"ask","Price":0.08255000,"Amount":146958.00000000,"Done":false},{"Time":"2019-04-16T05:20:13","Situation":"flat","Type":"ask","Price":0.08257000,"Amount":165979.80000000,"Done":false},{"Time":"2019-04-16T05:20:13","Situation":"flat","Type":"ask","Price":0.08290000,"Amount":447910.10000000,"Done":false},{"Time":"2019-04-16T05:20:13","Situation":"flat","Type":"ask","Price":0.08315000,"Amount":212165.60000000,"Done":false},{"Time":"2019-04-16T05:25:14","Situation":"flat","Type":"ask","Price":0.08171000,"Amount":447787.00000000,"Done":false},{"Time":"2019-04-16T05:25:14","Situation":"flat","Type":"ask","Price":0.08193000,"Amount":358036.00000000,"Done":false},{"Time":"2019-04-16T05:25:14","Situation":"flat","Type":"ask","Price":0.08219000,"Amount":190092.10000000,"Done":false},{"Time":"2019-04-16T05:25:14","Situation":"flat","Type":"ask","Price":0.08228000,"Amount":141943.70000000,"Done":false},{"Time":"2019-04-16T05:25:14","Situation":"flat","Type":"ask","Price":0.08255000,"Amount":146958.00000000,"Done":false},{"Time":"2019-04-16T05:25:14","Situation":"flat","Type":"ask","Price":0.08284000,"Amount":165759.30000000,"Done":false},{"Time":"2019-04-16T05:25:14","Situation":"flat","Type":"ask","Price":0.08290000,"Amount":447910.10000000,"Done":false},{"Time":"2019-04-16T05:25:14","Situation":"flat","Type":"ask","Price":0.08315000,"Amount":212165.60000000,"Done":false},{"Time":"2019-04-16T05:25:14","Situation":"flat","Type":"ask","Price":0.08328000,"Amount":212165.60000000,"Done":false},{"Time":"2019-04-16T05:30:16","Situation":"flat","Type":"ask","Price":0.08216000,"Amount":358701.00000000,"Done":false},{"Time":"2019-04-16T05:30:16","Situation":"flat","Type":"ask","Price":0.08219000,"Amount":190092.10000000,"Done":false},{"Time":"2019-04-16T05:30:16","Situation":"flat","Type":"ask","Price":0.08228000,"Amount":141943.70000000,"Done":false},{"Time":"2019-04-16T05:30:16","Situation":"flat","Type":"ask","Price":0.08255000,"Amount":146958.00000000,"Done":false},{"Time":"2019-04-16T05:30:16","Situation":"flat","Type":"ask","Price":0.08290000,"Amount":447910.10000000,"Done":false},{"Time":"2019-04-16T05:30:16","Situation":"flat","Type":"ask","Price":0.08295000,"Amount":166359.30000000,"Done":false},{"Time":"2019-04-16T05:30:16","Situation":"flat","Type":"ask","Price":0.08315000,"Amount":212165.60000000,"Done":false},{"Time":"2019-04-16T05:30:16","Situation":"flat","Type":"ask","Price":0.08328000,"Amount":212165.60000000,"Done":false},{"Time":"2019-04-16T05:35:20","Situation":"flat","Type":"ask","Price":0.08216000,"Amount":358701.00000000,"Done":false},{"Time":"2019-04-16T05:35:20","Situation":"flat","Type":"ask","Price":0.08219000,"Amount":190092.10000000,"Done":false},{"Time":"2019-04-16T05:35:20","Situation":"flat","Type":"ask","Price":0.08228000,"Amount":141943.70000000,"Done":false},{"Time":"2019-04-16T05:35:20","Situation":"flat","Type":"ask","Price":0.08255000,"Amount":146958.00000000,"Done":false},{"Time":"2019-04-16T05:35:20","Situation":"flat","Type":"ask","Price":0.08290000,"Amount":447910.10000000,"Done":false},{"Time":"2019-04-16T05:35:20","Situation":"flat","Type":"ask","Price":0.08307000,"Amount":165909.30000000,"Done":false},{"Time":"2019-04-16T05:35:20","Situation":"flat","Type":"ask","Price":0.08315000,"Amount":212165.60000000,"Done":false},{"Time":"2019-04-16T05:35:20","Situation":"flat","Type":"ask","Price":0.08328000,"Amount":212165.60000000,"Done":false},{"Time":"2019-04-16T05:40:23","Situation":"flat","Type":"ask","Price":0.08219000,"Amount":191924.10000000,"Done":false},{"Time":"2019-04-16T05:40:23","Situation":"flat","Type":"ask","Price":0.08228000,"Amount":143776.70000000,"Done":false},{"Time":"2019-04-16T05:40:23","Situation":"flat","Type":"ask","Price":0.08239000,"Amount":357040.60000000,"Done":false},{"Time":"2019-04-16T05:40:23","Situation":"flat","Type":"ask","Price":0.08255000,"Amount":146958.00000000,"Done":false},{"Time":"2019-04-16T05:40:23","Situation":"flat","Type":"ask","Price":0.08290000,"Amount":447910.10000000,"Done":false},{"Time":"2019-04-16T05:40:23","Situation":"flat","Type":"ask","Price":0.08307000,"Amount":165909.30000000,"Done":false},{"Time":"2019-04-16T05:40:23","Situation":"flat","Type":"ask","Price":0.08315000,"Amount":212165.60000000,"Done":false},{"Time":"2019-04-16T05:40:23","Situation":"flat","Type":"ask","Price":0.08328000,"Amount":212165.60000000,"Done":false},{"Time":"2019-04-16T05:45:25","Situation":"flat","Type":"ask","Price":0.08219000,"Amount":191924.10000000,"Done":false},{"Time":"2019-04-16T05:45:25","Situation":"flat","Type":"ask","Price":0.08228000,"Amount":143776.70000000,"Done":false},{"Time":"2019-04-16T05:45:25","Situation":"flat","Type":"ask","Price":0.08239000,"Amount":357040.60000000,"Done":false},{"Time":"2019-04-16T05:45:25","Situation":"flat","Type":"ask","Price":0.08255000,"Amount":146958.00000000,"Done":false},{"Time":"2019-04-16T05:45:25","Situation":"flat","Type":"ask","Price":0.08290000,"Amount":447910.10000000,"Done":false},{"Time":"2019-04-16T05:45:25","Situation":"flat","Type":"ask","Price":0.08295000,"Amount":166359.30000000,"Done":false},{"Time":"2019-04-16T05:45:25","Situation":"flat","Type":"ask","Price":0.08315000,"Amount":212165.60000000,"Done":false},{"Time":"2019-04-16T05:45:25","Situation":"flat","Type":"ask","Price":0.08328000,"Amount":212165.60000000,"Done":false},{"Time":"2019-04-16T05:50:28","Situation":"flat","Type":"ask","Price":0.08219000,"Amount":191924.10000000,"Done":false},{"Time":"2019-04-16T05:50:28","Situation":"flat","Type":"ask","Price":0.08228000,"Amount":143776.70000000,"Done":false},{"Time":"2019-04-16T05:50:28","Situation":"flat","Type":"ask","Price":0.08239000,"Amount":357040.60000000,"Done":false},{"Time":"2019-04-16T05:50:28","Situation":"flat","Type":"ask","Price":0.08255000,"Amount":146958.00000000,"Done":false},{"Time":"2019-04-16T05:50:28","Situation":"flat","Type":"ask","Price":0.08290000,"Amount":447910.10000000,"Done":false},{"Time":"2019-04-16T05:50:28","Situation":"flat","Type":"ask","Price":0.08291000,"Amount":165759.30000000,"Done":false},{"Time":"2019-04-16T05:50:28","Situation":"flat","Type":"ask","Price":0.08315000,"Amount":212165.60000000,"Done":false},{"Time":"2019-04-16T05:50:28","Situation":"flat","Type":"ask","Price":0.08328000,"Amount":212165.60000000,"Done":false},{"Time":"2019-04-16T05:55:30","Situation":"flat","Type":"ask","Price":0.08217000,"Amount":356990.00000000,"Done":false},{"Time":"2019-04-16T05:55:30","Situation":"flat","Type":"ask","Price":0.08219000,"Amount":191924.10000000,"Done":false},{"Time":"2019-04-16T05:55:30","Situation":"flat","Type":"ask","Price":0.08228000,"Amount":141943.70000000,"Done":false},{"Time":"2019-04-16T05:55:30","Situation":"flat","Type":"ask","Price":0.08255000,"Amount":146958.00000000,"Done":false},{"Time":"2019-04-16T05:55:30","Situation":"flat","Type":"ask","Price":0.08278000,"Amount":165759.30000000,"Done":false},{"Time":"2019-04-16T05:55:30","Situation":"flat","Type":"ask","Price":0.08290000,"Amount":447910.10000000,"Done":false},{"Time":"2019-04-16T05:55:30","Situation":"flat","Type":"ask","Price":0.08315000,"Amount":212165.60000000,"Done":false},{"Time":"2019-04-16T05:55:30","Situation":"flat","Type":"ask","Price":0.08328000,"Amount":212165.60000000,"Done":false},{"Time":"2019-04-16T06:00:32","Situation":"flat","Type":"ask","Price":0.08217000,"Amount":356990.00000000,"Done":false},{"Time":"2019-04-16T06:00:32","Situation":"flat","Type":"ask","Price":0.08219000,"Amount":191924.10000000,"Done":false},{"Time":"2019-04-16T06:00:32","Situation":"flat","Type":"ask","Price":0.08228000,"Amount":141943.70000000,"Done":false},{"Time":"2019-04-16T06:00:32","Situation":"flat","Type":"ask","Price":0.08255000,"Amount":146958.00000000,"Done":false},{"Time":"2019-04-16T06:00:32","Situation":"flat","Type":"ask","Price":0.08290000,"Amount":447910.10000000,"Done":false},{"Time":"2019-04-16T06:00:32","Situation":"flat","Type":"ask","Price":0.08292000,"Amount":165759.30000000,"Done":false},{"Time":"2019-04-16T06:00:32","Situation":"flat","Type":"ask","Price":0.08315000,"Amount":212165.60000000,"Done":false},{"Time":"2019-04-16T06:00:32","Situation":"flat","Type":"ask","Price":0.08328000,"Amount":212165.60000000,"Done":false},{"Time":"2019-04-16T06:05:36","Situation":"flat","Type":"ask","Price":0.08217000,"Amount":356990.00000000,"Done":false},{"Time":"2019-04-16T06:05:36","Situation":"flat","Type":"ask","Price":0.08219000,"Amount":191924.10000000,"Done":false},{"Time":"2019-04-16T06:05:36","Situation":"flat","Type":"ask","Price":0.08228000,"Amount":142556.80000000,"Done":false},{"Time":"2019-04-16T06:05:36","Situation":"flat","Type":"ask","Price":0.08255000,"Amount":146958.00000000,"Done":false},{"Time":"2019-04-16T06:05:36","Situation":"flat","Type":"ask","Price":0.08278000,"Amount":165759.30000000,"Done":false},{"Time":"2019-04-16T06:05:36","Situation":"flat","Type":"ask","Price":0.08290000,"Amount":447910.10000000,"Done":false},{"Time":"2019-04-16T06:05:36","Situation":"flat","Type":"ask","Price":0.08315000,"Amount":212165.60000000,"Done":false},{"Time":"2019-04-16T06:05:36","Situation":"flat","Type":"ask","Price":0.08328000,"Amount":212165.60000000,"Done":false},{"Time":"2019-04-16T06:10:39","Situation":"flat","Type":"ask","Price":0.08217000,"Amount":356990.00000000,"Done":false},{"Time":"2019-04-16T06:10:39","Situation":"flat","Type":"ask","Price":0.08219000,"Amount":191924.10000000,"Done":false},{"Time":"2019-04-16T06:10:39","Situation":"flat","Type":"ask","Price":0.08228000,"Amount":141943.70000000,"Done":false},{"Time":"2019-04-16T06:10:39","Situation":"flat","Type":"ask","Price":0.08255000,"Amount":146958.00000000,"Done":false},{"Time":"2019-04-16T06:10:39","Situation":"flat","Type":"ask","Price":0.08288000,"Amount":165908.40000000,"Done":false},{"Time":"2019-04-16T06:10:39","Situation":"flat","Type":"ask","Price":0.08290000,"Amount":447910.10000000,"Done":false},{"Time":"2019-04-16T06:10:39","Situation":"flat","Type":"ask","Price":0.08315000,"Amount":212165.60000000,"Done":false},{"Time":"2019-04-16T06:10:39","Situation":"flat","Type":"ask","Price":0.08328000,"Amount":212165.60000000,"Done":false},{"Time":"2019-04-16T06:15:43","Situation":"flat","Type":"ask","Price":0.08193000,"Amount":358704.00000000,"Done":false},{"Time":"2019-04-16T06:15:43","Situation":"flat","Type":"ask","Price":0.08219000,"Amount":190092.10000000,"Done":false},{"Time":"2019-04-16T06:15:43","Situation":"flat","Type":"ask","Price":0.08228000,"Amount":141943.70000000,"Done":false},{"Time":"2019-04-16T06:15:43","Situation":"flat","Type":"ask","Price":0.08255000,"Amount":146958.00000000,"Done":false},{"Time":"2019-04-16T06:15:43","Situation":"flat","Type":"ask","Price":0.08271000,"Amount":165759.30000000,"Done":false},{"Time":"2019-04-16T06:15:43","Situation":"flat","Type":"ask","Price":0.08290000,"Amount":447910.10000000,"Done":false},{"Time":"2019-04-16T06:15:43","Situation":"flat","Type":"ask","Price":0.08315000,"Amount":212165.60000000,"Done":false},{"Time":"2019-04-16T06:15:43","Situation":"flat","Type":"ask","Price":0.08328000,"Amount":212165.60000000,"Done":false},{"Time":"2019-04-16T06:20:46","Situation":"flat","Type":"ask","Price":0.08193000,"Amount":358704.00000000,"Done":false},{"Time":"2019-04-16T06:20:46","Situation":"flat","Type":"ask","Price":0.08219000,"Amount":193266.80000000,"Done":false},{"Time":"2019-04-16T06:20:46","Situation":"flat","Type":"ask","Price":0.08228000,"Amount":141943.70000000,"Done":false},{"Time":"2019-04-16T06:20:46","Situation":"flat","Type":"ask","Price":0.08255000,"Amount":146958.00000000,"Done":false},{"Time":"2019-04-16T06:20:46","Situation":"flat","Type":"ask","Price":0.08279000,"Amount":165759.30000000,"Done":false},{"Time":"2019-04-16T06:20:46","Situation":"flat","Type":"ask","Price":0.08290000,"Amount":447910.10000000,"Done":false},{"Time":"2019-04-16T06:20:46","Situation":"flat","Type":"ask","Price":0.08315000,"Amount":212165.60000000,"Done":false},{"Time":"2019-04-16T06:20:46","Situation":"flat","Type":"ask","Price":0.08328000,"Amount":212165.60000000,"Done":false},{"Time":"2019-04-16T06:25:48","Situation":"flat","Type":"ask","Price":0.08193000,"Amount":378703.90000000,"Done":false},{"Time":"2019-04-16T06:25:48","Situation":"flat","Type":"ask","Price":0.08219000,"Amount":190705.40000000,"Done":false},{"Time":"2019-04-16T06:25:48","Situation":"flat","Type":"ask","Price":0.08228000,"Amount":141943.70000000,"Done":false},{"Time":"2019-04-16T06:25:48","Situation":"flat","Type":"ask","Price":0.08255000,"Amount":146958.00000000,"Done":false},{"Time":"2019-04-16T06:25:48","Situation":"flat","Type":"ask","Price":0.08282000,"Amount":165759.30000000,"Done":false},{"Time":"2019-04-16T06:25:48","Situation":"flat","Type":"ask","Price":0.08290000,"Amount":447910.10000000,"Done":false},{"Time":"2019-04-16T06:25:48","Situation":"flat","Type":"ask","Price":0.08315000,"Amount":212165.60000000,"Done":false},{"Time":"2019-04-16T06:25:48","Situation":"flat","Type":"ask","Price":0.08328000,"Amount":212165.60000000,"Done":false},{"Time":"2019-04-16T06:30:52","Situation":"flat","Type":"ask","Price":0.08193000,"Amount":358704.00000000,"Done":false},{"Time":"2019-04-16T06:30:52","Situation":"flat","Type":"ask","Price":0.08219000,"Amount":190092.10000000,"Done":false},{"Time":"2019-04-16T06:30:52","Situation":"flat","Type":"ask","Price":0.08228000,"Amount":141943.70000000,"Done":false},{"Time":"2019-04-16T06:30:52","Situation":"flat","Type":"ask","Price":0.08255000,"Amount":146958.00000000,"Done":false},{"Time":"2019-04-16T06:30:52","Situation":"flat","Type":"ask","Price":0.08280000,"Amount":169022.10000000,"Done":false},{"Time":"2019-04-16T06:30:52","Situation":"flat","Type":"ask","Price":0.08290000,"Amount":447910.10000000,"Done":false},{"Time":"2019-04-16T06:30:52","Situation":"flat","Type":"ask","Price":0.08315000,"Amount":212165.60000000,"Done":false},{"Time":"2019-04-16T06:30:52","Situation":"flat","Type":"ask","Price":0.08328000,"Amount":212165.60000000,"Done":false},{"Time":"2019-04-16T06:35:55","Situation":"flat","Type":"ask","Price":0.08193000,"Amount":358704.00000000,"Done":false},{"Time":"2019-04-16T06:35:55","Situation":"flat","Type":"ask","Price":0.08219000,"Amount":190092.10000000,"Done":false},{"Time":"2019-04-16T06:35:55","Situation":"flat","Type":"ask","Price":0.08228000,"Amount":141943.70000000,"Done":false},{"Time":"2019-04-16T06:35:55","Situation":"flat","Type":"ask","Price":0.08255000,"Amount":146958.00000000,"Done":false},{"Time":"2019-04-16T06:35:55","Situation":"flat","Type":"ask","Price":0.08276000,"Amount":166272.10000000,"Done":false},{"Time":"2019-04-16T06:35:55","Situation":"flat","Type":"ask","Price":0.08290000,"Amount":447910.10000000,"Done":false},{"Time":"2019-04-16T06:35:55","Situation":"flat","Type":"ask","Price":0.08315000,"Amount":212165.60000000,"Done":false},{"Time":"2019-04-16T06:35:55","Situation":"flat","Type":"ask","Price":0.08328000,"Amount":212165.60000000,"Done":false},{"Time":"2019-04-16T06:40:58","Situation":"flat","Type":"ask","Price":0.08193000,"Amount":368816.10000000,"Done":false},{"Time":"2019-04-16T06:40:58","Situation":"flat","Type":"ask","Price":0.08200000,"Amount":153865.90000000,"Done":false},{"Time":"2019-04-16T06:40:58","Situation":"flat","Type":"ask","Price":0.08219000,"Amount":190092.10000000,"Done":false},{"Time":"2019-04-16T06:40:58","Situation":"flat","Type":"ask","Price":0.08228000,"Amount":141943.70000000,"Done":false},{"Time":"2019-04-16T06:40:58","Situation":"flat","Type":"ask","Price":0.08255000,"Amount":146958.00000000,"Done":false},{"Time":"2019-04-16T06:40:58","Situation":"flat","Type":"ask","Price":0.08288000,"Amount":165908.40000000,"Done":false},{"Time":"2019-04-16T06:40:58","Situation":"flat","Type":"ask","Price":0.08290000,"Amount":447910.10000000,"Done":false},{"Time":"2019-04-16T06:40:58","Situation":"flat","Type":"ask","Price":0.08315000,"Amount":212165.60000000,"Done":false},{"Time":"2019-04-16T06:40:58","Situation":"flat","Type":"ask","Price":0.08328000,"Amount":212165.60000000,"Done":false},{"Time":"2019-04-16T06:46:04","Situation":"flat","Type":"ask","Price":0.08193000,"Amount":358704.00000000,"Done":false},{"Time":"2019-04-16T06:46:04","Situation":"flat","Type":"ask","Price":0.08200000,"Amount":153865.90000000,"Done":false},{"Time":"2019-04-16T06:46:04","Situation":"flat","Type":"ask","Price":0.08219000,"Amount":190092.10000000,"Done":false},{"Time":"2019-04-16T06:46:04","Situation":"flat","Type":"ask","Price":0.08228000,"Amount":141943.70000000,"Done":false},{"Time":"2019-04-16T06:46:04","Situation":"flat","Type":"ask","Price":0.08255000,"Amount":146958.00000000,"Done":false},{"Time":"2019-04-16T06:46:04","Situation":"flat","Type":"ask","Price":0.08280000,"Amount":169022.10000000,"Done":false},{"Time":"2019-04-16T06:46:04","Situation":"flat","Type":"ask","Price":0.08290000,"Amount":447910.10000000,"Done":false},{"Time":"2019-04-16T06:46:04","Situation":"flat","Type":"ask","Price":0.08315000,"Amount":212165.60000000,"Done":false},{"Time":"2019-04-16T06:46:04","Situation":"flat","Type":"ask","Price":0.08328000,"Amount":212165.60000000,"Done":false},{"Time":"2019-04-16T06:51:06","Situation":"flat","Type":"ask","Price":0.08193000,"Amount":368816.10000000,"Done":false},{"Time":"2019-04-16T06:51:06","Situation":"flat","Type":"ask","Price":0.08200000,"Amount":153865.90000000,"Done":false},{"Time":"2019-04-16T06:51:06","Situation":"flat","Type":"ask","Price":0.08219000,"Amount":190092.10000000,"Done":false},{"Time":"2019-04-16T06:51:06","Situation":"flat","Type":"ask","Price":0.08228000,"Amount":141943.70000000,"Done":false},{"Time":"2019-04-16T06:51:06","Situation":"flat","Type":"ask","Price":0.08255000,"Amount":146958.00000000,"Done":false},{"Time":"2019-04-16T06:51:06","Situation":"flat","Type":"ask","Price":0.08280000,"Amount":169022.10000000,"Done":false},{"Time":"2019-04-16T06:51:06","Situation":"flat","Type":"ask","Price":0.08290000,"Amount":447910.10000000,"Done":false},{"Time":"2019-04-16T06:51:06","Situation":"flat","Type":"ask","Price":0.08315000,"Amount":212165.60000000,"Done":false},{"Time":"2019-04-16T06:51:06","Situation":"flat","Type":"ask","Price":0.08328000,"Amount":212165.60000000,"Done":false},{"Time":"2019-04-16T06:56:11","Situation":"flat","Type":"ask","Price":0.08193000,"Amount":368816.10000000,"Done":false},{"Time":"2019-04-16T06:56:11","Situation":"flat","Type":"ask","Price":0.08200000,"Amount":153865.90000000,"Done":false},{"Time":"2019-04-16T06:56:11","Situation":"flat","Type":"ask","Price":0.08219000,"Amount":190092.10000000,"Done":false},{"Time":"2019-04-16T06:56:11","Situation":"flat","Type":"ask","Price":0.08228000,"Amount":141943.70000000,"Done":false},{"Time":"2019-04-16T06:56:11","Situation":"flat","Type":"ask","Price":0.08255000,"Amount":146958.00000000,"Done":false},{"Time":"2019-04-16T06:56:11","Situation":"flat","Type":"ask","Price":0.08279000,"Amount":165759.30000000,"Done":false},{"Time":"2019-04-16T06:56:11","Situation":"flat","Type":"ask","Price":0.08290000,"Amount":447910.10000000,"Done":false},{"Time":"2019-04-16T06:56:11","Situation":"flat","Type":"ask","Price":0.08315000,"Amount":212165.60000000,"Done":false},{"Time":"2019-04-16T06:56:11","Situation":"flat","Type":"ask","Price":0.08328000,"Amount":212165.60000000,"Done":false},{"Time":"2019-04-16T07:01:15","Situation":"flat","Type":"ask","Price":0.08193000,"Amount":368816.10000000,"Done":false},{"Time":"2019-04-16T07:01:15","Situation":"flat","Type":"ask","Price":0.08219000,"Amount":190092.10000000,"Done":false},{"Time":"2019-04-16T07:01:15","Situation":"flat","Type":"ask","Price":0.08228000,"Amount":141943.70000000,"Done":false},{"Time":"2019-04-16T07:01:15","Situation":"flat","Type":"ask","Price":0.08255000,"Amount":146958.00000000,"Done":false},{"Time":"2019-04-16T07:01:15","Situation":"flat","Type":"ask","Price":0.08289000,"Amount":165759.30000000,"Done":false},{"Time":"2019-04-16T07:01:15","Situation":"flat","Type":"ask","Price":0.08290000,"Amount":447910.10000000,"Done":false},{"Time":"2019-04-16T07:01:15","Situation":"flat","Type":"ask","Price":0.08315000,"Amount":212165.60000000,"Done":false},{"Time":"2019-04-16T07:01:15","Situation":"flat","Type":"ask","Price":0.08328000,"Amount":212165.60000000,"Done":false},{"Time":"2019-04-16T07:06:18","Situation":"flat","Type":"ask","Price":0.08193000,"Amount":356866.00000000,"Done":false},{"Time":"2019-04-16T07:06:18","Situation":"flat","Type":"ask","Price":0.08219000,"Amount":190092.10000000,"Done":false},{"Time":"2019-04-16T07:06:18","Situation":"flat","Type":"ask","Price":0.08228000,"Amount":141943.70000000,"Done":false},{"Time":"2019-04-16T07:06:18","Situation":"flat","Type":"ask","Price":0.08255000,"Amount":146958.00000000,"Done":false},{"Time":"2019-04-16T07:06:18","Situation":"flat","Type":"ask","Price":0.08290000,"Amount":447910.10000000,"Done":false},{"Time":"2019-04-16T07:06:18","Situation":"flat","Type":"ask","Price":0.08292000,"Amount":165759.30000000,"Done":false},{"Time":"2019-04-16T07:06:18","Situation":"flat","Type":"ask","Price":0.08315000,"Amount":212165.60000000,"Done":false},{"Time":"2019-04-16T07:06:18","Situation":"flat","Type":"ask","Price":0.08328000,"Amount":212165.60000000,"Done":false},{"Time":"2019-04-16T07:11:20","Situation":"flat","Type":"ask","Price":0.08193000,"Amount":396866.00000000,"Done":false},{"Time":"2019-04-16T07:11:20","Situation":"flat","Type":"ask","Price":0.08219000,"Amount":190092.10000000,"Done":false},{"Time":"2019-04-16T07:11:20","Situation":"flat","Type":"ask","Price":0.08228000,"Amount":141943.70000000,"Done":false},{"Time":"2019-04-16T07:11:20","Situation":"flat","Type":"ask","Price":0.08255000,"Amount":146958.00000000,"Done":false},{"Time":"2019-04-16T07:11:20","Situation":"flat","Type":"ask","Price":0.08290000,"Amount":447910.10000000,"Done":false},{"Time":"2019-04-16T07:11:20","Situation":"flat","Type":"ask","Price":0.08293000,"Amount":165759.30000000,"Done":false},{"Time":"2019-04-16T07:11:20","Situation":"flat","Type":"ask","Price":0.08315000,"Amount":212165.60000000,"Done":false},{"Time":"2019-04-16T07:11:20","Situation":"flat","Type":"ask","Price":0.08328000,"Amount":212165.60000000,"Done":false},{"Time":"2019-04-16T07:16:24","Situation":"flat","Type":"ask","Price":0.08193000,"Amount":396866.00000000,"Done":false},{"Time":"2019-04-16T07:16:24","Situation":"flat","Type":"ask","Price":0.08219000,"Amount":190092.10000000,"Done":false},{"Time":"2019-04-16T07:16:24","Situation":"flat","Type":"ask","Price":0.08228000,"Amount":141943.70000000,"Done":false},{"Time":"2019-04-16T07:16:24","Situation":"flat","Type":"ask","Price":0.08255000,"Amount":146958.00000000,"Done":false},{"Time":"2019-04-16T07:16:24","Situation":"flat","Type":"ask","Price":0.08288000,"Amount":165908.40000000,"Done":false},{"Time":"2019-04-16T07:16:24","Situation":"flat","Type":"ask","Price":0.08290000,"Amount":447910.10000000,"Done":false},{"Time":"2019-04-16T07:16:24","Situation":"flat","Type":"ask","Price":0.08315000,"Amount":212165.60000000,"Done":false},{"Time":"2019-04-16T07:16:24","Situation":"flat","Type":"ask","Price":0.08328000,"Amount":212165.60000000,"Done":false},{"Time":"2019-04-16T07:21:26","Situation":"flat","Type":"ask","Price":0.08193000,"Amount":396866.00000000,"Done":false},{"Time":"2019-04-16T07:21:26","Situation":"flat","Type":"ask","Price":0.08219000,"Amount":190092.10000000,"Done":false},{"Time":"2019-04-16T07:21:26","Situation":"flat","Type":"ask","Price":0.08228000,"Amount":141943.70000000,"Done":false},{"Time":"2019-04-16T07:21:26","Situation":"flat","Type":"ask","Price":0.08255000,"Amount":146958.00000000,"Done":false},{"Time":"2019-04-16T07:21:26","Situation":"flat","Type":"ask","Price":0.08288000,"Amount":165908.40000000,"Done":false},{"Time":"2019-04-16T07:21:26","Situation":"flat","Type":"ask","Price":0.08290000,"Amount":447910.10000000,"Done":false},{"Time":"2019-04-16T07:21:26","Situation":"flat","Type":"ask","Price":0.08315000,"Amount":212165.60000000,"Done":false},{"Time":"2019-04-16T07:21:26","Situation":"flat","Type":"ask","Price":0.08328000,"Amount":212165.60000000,"Done":false},{"Time":"2019-04-16T07:26:30","Situation":"flat","Type":"ask","Price":0.08193000,"Amount":376865.90000000,"Done":false},{"Time":"2019-04-16T07:26:30","Situation":"flat","Type":"ask","Price":0.08219000,"Amount":190092.10000000,"Done":false},{"Time":"2019-04-16T07:26:30","Situation":"flat","Type":"ask","Price":0.08228000,"Amount":141943.70000000,"Done":false},{"Time":"2019-04-16T07:26:30","Situation":"flat","Type":"ask","Price":0.08255000,"Amount":146958.00000000,"Done":false},{"Time":"2019-04-16T07:26:30","Situation":"flat","Type":"ask","Price":0.08290000,"Amount":447910.10000000,"Done":false},{"Time":"2019-04-16T07:26:30","Situation":"flat","Type":"ask","Price":0.08295000,"Amount":166359.30000000,"Done":false},{"Time":"2019-04-16T07:26:30","Situation":"flat","Type":"ask","Price":0.08315000,"Amount":212165.60000000,"Done":false},{"Time":"2019-04-16T07:26:30","Situation":"flat","Type":"ask","Price":0.08328000,"Amount":212165.60000000,"Done":false},{"Time":"2019-04-16T07:31:31","Situation":"flat","Type":"ask","Price":0.08193000,"Amount":356866.00000000,"Done":false},{"Time":"2019-04-16T07:31:31","Situation":"flat","Type":"ask","Price":0.08219000,"Amount":190092.10000000,"Done":false},{"Time":"2019-04-16T07:31:31","Situation":"flat","Type":"ask","Price":0.08228000,"Amount":141943.70000000,"Done":false},{"Time":"2019-04-16T07:31:31","Situation":"flat","Type":"ask","Price":0.08255000,"Amount":146958.00000000,"Done":false},{"Time":"2019-04-16T07:31:31","Situation":"flat","Type":"ask","Price":0.08286000,"Amount":165759.30000000,"Done":false},{"Time":"2019-04-16T07:31:31","Situation":"flat","Type":"ask","Price":0.08290000,"Amount":447910.10000000,"Done":false},{"Time":"2019-04-16T07:31:31","Situation":"flat","Type":"ask","Price":0.08315000,"Amount":212165.60000000,"Done":false},{"Time":"2019-04-16T07:31:31","Situation":"flat","Type":"ask","Price":0.08328000,"Amount":212165.60000000,"Done":false},{"Time":"2019-04-16T07:36:31","Situation":"flat","Type":"ask","Price":0.08193000,"Amount":356866.00000000,"Done":false},{"Time":"2019-04-16T07:36:31","Situation":"flat","Type":"ask","Price":0.08219000,"Amount":190092.10000000,"Done":false},{"Time":"2019-04-16T07:36:31","Situation":"flat","Type":"ask","Price":0.08228000,"Amount":144505.10000000,"Done":false},{"Time":"2019-04-16T07:36:31","Situation":"flat","Type":"ask","Price":0.08255000,"Amount":146958.00000000,"Done":false},{"Time":"2019-04-16T07:36:31","Situation":"flat","Type":"ask","Price":0.08289000,"Amount":165759.30000000,"Done":false},{"Time":"2019-04-16T07:36:31","Situation":"flat","Type":"ask","Price":0.08290000,"Amount":447910.10000000,"Done":false},{"Time":"2019-04-16T07:36:31","Situation":"flat","Type":"ask","Price":0.08315000,"Amount":212165.60000000,"Done":false},{"Time":"2019-04-16T07:36:31","Situation":"flat","Type":"ask","Price":0.08328000,"Amount":212165.60000000,"Done":false},{"Time":"2019-04-16T07:41:33","Situation":"flat","Type":"ask","Price":0.08193000,"Amount":356866.00000000,"Done":false},{"Time":"2019-04-16T07:41:33","Situation":"flat","Type":"ask","Price":0.08219000,"Amount":190092.10000000,"Done":false},{"Time":"2019-04-16T07:41:33","Situation":"flat","Type":"ask","Price":0.08228000,"Amount":141943.70000000,"Done":false},{"Time":"2019-04-16T07:41:33","Situation":"flat","Type":"ask","Price":0.08255000,"Amount":146958.00000000,"Done":false},{"Time":"2019-04-16T07:41:33","Situation":"flat","Type":"ask","Price":0.08286000,"Amount":165759.30000000,"Done":false},{"Time":"2019-04-16T07:41:33","Situation":"flat","Type":"ask","Price":0.08290000,"Amount":447910.10000000,"Done":false},{"Time":"2019-04-16T07:41:33","Situation":"flat","Type":"ask","Price":0.08315000,"Amount":212165.60000000,"Done":false},{"Time":"2019-04-16T07:41:33","Situation":"flat","Type":"ask","Price":0.08328000,"Amount":212165.60000000,"Done":false},{"Time":"2019-04-16T07:46:33","Situation":"flat","Type":"ask","Price":0.08219000,"Amount":546958.10000000,"Done":false},{"Time":"2019-04-16T07:46:33","Situation":"flat","Type":"ask","Price":0.08228000,"Amount":141943.70000000,"Done":false},{"Time":"2019-04-16T07:46:33","Situation":"flat","Type":"ask","Price":0.08255000,"Amount":146958.00000000,"Done":false},{"Time":"2019-04-16T07:46:33","Situation":"flat","Type":"ask","Price":0.08290000,"Amount":447910.10000000,"Done":false},{"Time":"2019-04-16T07:46:33","Situation":"flat","Type":"ask","Price":0.08295000,"Amount":166359.30000000,"Done":false},{"Time":"2019-04-16T07:46:33","Situation":"flat","Type":"ask","Price":0.08315000,"Amount":212165.60000000,"Done":false},{"Time":"2019-04-16T07:46:33","Situation":"flat","Type":"ask","Price":0.08328000,"Amount":212165.60000000,"Done":false},{"Time":"2019-04-16T07:51:36","Situation":"flat","Type":"ask","Price":0.08219000,"Amount":546958.10000000,"Done":false},{"Time":"2019-04-16T07:51:36","Situation":"flat","Type":"ask","Price":0.08228000,"Amount":143776.70000000,"Done":false},{"Time":"2019-04-16T07:51:36","Situation":"flat","Type":"ask","Price":0.08255000,"Amount":146958.00000000,"Done":false},{"Time":"2019-04-16T07:51:36","Situation":"flat","Type":"ask","Price":0.08290000,"Amount":447910.10000000,"Done":false},{"Time":"2019-04-16T07:51:36","Situation":"flat","Type":"ask","Price":0.08304000,"Amount":165759.30000000,"Done":false},{"Time":"2019-04-16T07:51:36","Situation":"flat","Type":"ask","Price":0.08315000,"Amount":212165.60000000,"Done":false},{"Time":"2019-04-16T07:51:36","Situation":"flat","Type":"ask","Price":0.08328000,"Amount":212165.60000000,"Done":false},{"Time":"2019-04-16T07:56:40","Situation":"flat","Type":"ask","Price":0.08219000,"Amount":546958.10000000,"Done":false},{"Time":"2019-04-16T07:56:40","Situation":"flat","Type":"ask","Price":0.08228000,"Amount":141943.70000000,"Done":false},{"Time":"2019-04-16T07:56:40","Situation":"flat","Type":"ask","Price":0.08255000,"Amount":146958.00000000,"Done":false},{"Time":"2019-04-16T07:56:40","Situation":"flat","Type":"ask","Price":0.08290000,"Amount":447910.10000000,"Done":false},{"Time":"2019-04-16T07:56:40","Situation":"flat","Type":"ask","Price":0.08300000,"Amount":232513.60000000,"Done":false},{"Time":"2019-04-16T07:56:40","Situation":"flat","Type":"ask","Price":0.08315000,"Amount":212165.60000000,"Done":false},{"Time":"2019-04-16T07:56:40","Situation":"flat","Type":"ask","Price":0.08328000,"Amount":212165.60000000,"Done":false},{"Time":"2019-04-16T08:01:40","Situation":"flat","Type":"ask","Price":0.08219000,"Amount":546958.10000000,"Done":false},{"Time":"2019-04-16T08:01:40","Situation":"flat","Type":"ask","Price":0.08228000,"Amount":141943.70000000,"Done":false},{"Time":"2019-04-16T08:01:40","Situation":"flat","Type":"ask","Price":0.08255000,"Amount":146958.00000000,"Done":false},{"Time":"2019-04-16T08:01:40","Situation":"flat","Type":"ask","Price":0.08279000,"Amount":165759.30000000,"Done":false},{"Time":"2019-04-16T08:01:40","Situation":"flat","Type":"ask","Price":0.08315000,"Amount":212165.60000000,"Done":false},{"Time":"2019-04-16T08:01:40","Situation":"flat","Type":"ask","Price":0.08328000,"Amount":212165.60000000,"Done":false},{"Time":"2019-04-16T08:06:43","Situation":"flat","Type":"ask","Price":0.08219000,"Amount":546958.10000000,"Done":false},{"Time":"2019-04-16T08:06:43","Situation":"flat","Type":"ask","Price":0.08228000,"Amount":141943.70000000,"Done":false},{"Time":"2019-04-16T08:06:43","Situation":"flat","Type":"ask","Price":0.08255000,"Amount":172567.00000000,"Done":false},{"Time":"2019-04-16T08:06:43","Situation":"flat","Type":"ask","Price":0.08299000,"Amount":165932.60000000,"Done":false},{"Time":"2019-04-16T08:06:43","Situation":"flat","Type":"ask","Price":0.08315000,"Amount":212165.60000000,"Done":false},{"Time":"2019-04-16T08:06:43","Situation":"flat","Type":"ask","Price":0.08328000,"Amount":212165.60000000,"Done":false},{"Time":"2019-04-16T08:11:45","Situation":"flat","Type":"ask","Price":0.08219000,"Amount":546958.10000000,"Done":false},{"Time":"2019-04-16T08:11:45","Situation":"flat","Type":"ask","Price":0.08228000,"Amount":142556.40000000,"Done":false},{"Time":"2019-04-16T08:11:45","Situation":"flat","Type":"ask","Price":0.08255000,"Amount":172567.00000000,"Done":false},{"Time":"2019-04-16T08:11:45","Situation":"flat","Type":"ask","Price":0.08292000,"Amount":165759.30000000,"Done":false},{"Time":"2019-04-16T08:11:45","Situation":"flat","Type":"ask","Price":0.08315000,"Amount":212165.60000000,"Done":false},{"Time":"2019-04-16T08:11:45","Situation":"flat","Type":"ask","Price":0.08328000,"Amount":212165.60000000,"Done":false},{"Time":"2019-04-16T08:16:46","Situation":"flat","Type":"ask","Price":0.08219000,"Amount":546958.10000000,"Done":false},{"Time":"2019-04-16T08:16:46","Situation":"flat","Type":"ask","Price":0.08228000,"Amount":141943.70000000,"Done":false},{"Time":"2019-04-16T08:16:46","Situation":"flat","Type":"ask","Price":0.08255000,"Amount":171037.00000000,"Done":false},{"Time":"2019-04-16T08:16:46","Situation":"flat","Type":"ask","Price":0.08282000,"Amount":165759.30000000,"Done":false},{"Time":"2019-04-16T08:16:46","Situation":"flat","Type":"ask","Price":0.08315000,"Amount":212165.60000000,"Done":false},{"Time":"2019-04-16T08:16:46","Situation":"flat","Type":"ask","Price":0.08328000,"Amount":212165.60000000,"Done":false},{"Time":"2019-04-16T08:21:50","Situation":"flat","Type":"ask","Price":0.08219000,"Amount":549519.50000000,"Done":false},{"Time":"2019-04-16T08:21:50","Situation":"flat","Type":"ask","Price":0.08228000,"Amount":141943.70000000,"Done":false},{"Time":"2019-04-16T08:21:50","Situation":"flat","Type":"ask","Price":0.08255000,"Amount":171037.00000000,"Done":false},{"Time":"2019-04-16T08:21:50","Situation":"flat","Type":"ask","Price":0.08287000,"Amount":165759.30000000,"Done":false},{"Time":"2019-04-16T08:21:50","Situation":"flat","Type":"ask","Price":0.08315000,"Amount":212165.60000000,"Done":false},{"Time":"2019-04-16T08:21:50","Situation":"flat","Type":"ask","Price":0.08328000,"Amount":212165.60000000,"Done":false},{"Time":"2019-04-16T08:26:52","Situation":"flat","Type":"ask","Price":0.08219000,"Amount":546958.10000000,"Done":false},{"Time":"2019-04-16T08:26:52","Situation":"flat","Type":"ask","Price":0.08228000,"Amount":141943.70000000,"Done":false},{"Time":"2019-04-16T08:26:52","Situation":"flat","Type":"ask","Price":0.08255000,"Amount":171037.00000000,"Done":false},{"Time":"2019-04-16T08:26:52","Situation":"flat","Type":"ask","Price":0.08297000,"Amount":165959.30000000,"Done":false},{"Time":"2019-04-16T08:26:52","Situation":"flat","Type":"ask","Price":0.08315000,"Amount":212165.60000000,"Done":false},{"Time":"2019-04-16T08:26:52","Situation":"flat","Type":"ask","Price":0.08328000,"Amount":212165.60000000,"Done":false},{"Time":"2019-04-16T08:31:54","Situation":"flat","Type":"ask","Price":0.08219000,"Amount":546958.10000000,"Done":false},{"Time":"2019-04-16T08:31:54","Situation":"flat","Type":"ask","Price":0.08228000,"Amount":141943.70000000,"Done":false},{"Time":"2019-04-16T08:31:54","Situation":"flat","Type":"ask","Price":0.08255000,"Amount":171037.00000000,"Done":false},{"Time":"2019-04-16T08:31:54","Situation":"flat","Type":"ask","Price":0.08303000,"Amount":165759.30000000,"Done":false},{"Time":"2019-04-16T08:31:54","Situation":"flat","Type":"ask","Price":0.08315000,"Amount":212165.60000000,"Done":false},{"Time":"2019-04-16T08:31:54","Situation":"flat","Type":"ask","Price":0.08328000,"Amount":212165.60000000,"Done":false},{"Time":"2019-04-16T08:36:55","Situation":"flat","Type":"ask","Price":0.08219000,"Amount":190092.10000000,"Done":false},{"Time":"2019-04-16T08:36:55","Situation":"flat","Type":"ask","Price":0.08228000,"Amount":141943.70000000,"Done":false},{"Time":"2019-04-16T08:36:55","Situation":"flat","Type":"ask","Price":0.08248000,"Amount":356866.00000000,"Done":false},{"Time":"2019-04-16T08:36:55","Situation":"flat","Type":"ask","Price":0.08255000,"Amount":171037.00000000,"Done":false},{"Time":"2019-04-16T08:36:55","Situation":"flat","Type":"ask","Price":0.08315000,"Amount":212165.60000000,"Done":false},{"Time":"2019-04-16T08:36:55","Situation":"flat","Type":"ask","Price":0.08322000,"Amount":171792.30000000,"Done":false},{"Time":"2019-04-16T08:36:55","Situation":"flat","Type":"ask","Price":0.08328000,"Amount":212165.60000000,"Done":false},{"Time":"2019-04-16T08:41:59","Situation":"flat","Type":"ask","Price":0.08219000,"Amount":190092.10000000,"Done":false},{"Time":"2019-04-16T08:41:59","Situation":"flat","Type":"ask","Price":0.08228000,"Amount":141943.70000000,"Done":false},{"Time":"2019-04-16T08:41:59","Situation":"flat","Type":"ask","Price":0.08248000,"Amount":356866.00000000,"Done":false},{"Time":"2019-04-16T08:41:59","Situation":"flat","Type":"ask","Price":0.08255000,"Amount":171037.00000000,"Done":false},{"Time":"2019-04-16T08:41:59","Situation":"flat","Type":"ask","Price":0.08315000,"Amount":212165.60000000,"Done":false},{"Time":"2019-04-16T08:41:59","Situation":"flat","Type":"ask","Price":0.08326000,"Amount":166009.30000000,"Done":false},{"Time":"2019-04-16T08:41:59","Situation":"flat","Type":"ask","Price":0.08328000,"Amount":212165.60000000,"Done":false},{"Time":"2019-04-16T08:47:01","Situation":"flat","Type":"ask","Price":0.08219000,"Amount":194835.40000000,"Done":false},{"Time":"2019-04-16T08:47:01","Situation":"flat","Type":"ask","Price":0.08228000,"Amount":161943.70000000,"Done":false},{"Time":"2019-04-16T08:47:01","Situation":"flat","Type":"ask","Price":0.08248000,"Amount":356866.00000000,"Done":false},{"Time":"2019-04-16T08:47:01","Situation":"flat","Type":"ask","Price":0.08300000,"Amount":236232.30000000,"Done":false},{"Time":"2019-04-16T08:47:01","Situation":"flat","Type":"ask","Price":0.08315000,"Amount":212165.60000000,"Done":false},{"Time":"2019-04-16T08:47:01","Situation":"flat","Type":"ask","Price":0.08328000,"Amount":212165.60000000,"Done":false},{"Time":"2019-04-16T08:47:01","Situation":"flat","Type":"ask","Price":0.08330000,"Amount":262220.70000000,"Done":false},{"Time":"2019-04-16T08:52:05","Situation":"flat","Type":"ask","Price":0.08273000,"Amount":359298.50000000,"Done":false},{"Time":"2019-04-16T08:52:05","Situation":"flat","Type":"ask","Price":0.08300000,"Amount":236232.30000000,"Done":false},{"Time":"2019-04-16T08:52:05","Situation":"flat","Type":"ask","Price":0.08315000,"Amount":212165.60000000,"Done":false},{"Time":"2019-04-16T08:52:05","Situation":"flat","Type":"ask","Price":0.08328000,"Amount":212165.60000000,"Done":false},{"Time":"2019-04-16T08:52:05","Situation":"flat","Type":"ask","Price":0.08333000,"Amount":165880.60000000,"Done":false},{"Time":"2019-04-16T08:57:09","Situation":"flat","Type":"ask","Price":0.08251000,"Amount":359064.40000000,"Done":false},{"Time":"2019-04-16T08:57:09","Situation":"flat","Type":"ask","Price":0.08300000,"Amount":234600.90000000,"Done":false},{"Time":"2019-04-16T08:57:09","Situation":"flat","Type":"ask","Price":0.08301000,"Amount":170899.60000000,"Done":false},{"Time":"2019-04-16T08:57:09","Situation":"flat","Type":"ask","Price":0.08315000,"Amount":212165.60000000,"Done":false},{"Time":"2019-04-16T08:57:09","Situation":"flat","Type":"ask","Price":0.08328000,"Amount":212165.60000000,"Done":false},{"Time":"2019-04-16T08:58:56","Situation":"trend","Type":"ask","Price":0.08229000,"Amount":361986.10000000,"Done":false},{"Time":"2019-04-16T08:58:56","Situation":"trend","Type":"ask","Price":0.08296000,"Amount":165889.30000000,"Done":false},{"Time":"2019-04-16T08:58:56","Situation":"trend","Type":"ask","Price":0.08300000,"Amount":243886.50000000,"Done":false},{"Time":"2019-04-16T08:58:56","Situation":"trend","Type":"ask","Price":0.08315000,"Amount":212165.60000000,"Done":false},{"Time":"2019-04-16T08:58:56","Situation":"trend","Type":"ask","Price":0.08328000,"Amount":212165.60000000,"Done":false},{"Time":"2019-04-16T09:01:38","Situation":"trend","Type":"ask","Price":0.08229000,"Amount":360986.10000000,"Done":false},{"Time":"2019-04-16T09:01:38","Situation":"trend","Type":"ask","Price":0.08258000,"Amount":178433.00000000,"Done":false},{"Time":"2019-04-16T09:01:38","Situation":"trend","Type":"ask","Price":0.08315000,"Amount":212165.60000000,"Done":false},{"Time":"2019-04-16T09:01:38","Situation":"trend","Type":"ask","Price":0.08317000,"Amount":165759.30000000,"Done":false},{"Time":"2019-04-16T09:01:38","Situation":"trend","Type":"ask","Price":0.08328000,"Amount":212165.60000000,"Done":false},{"Time":"2019-04-16T09:01:38","Situation":"trend","Type":"ask","Price":0.08251000,"Amount":359064.40000000,"Done":true},{"Time":"2019-04-16T09:01:38","Situation":"trend","Type":"ask","Price":0.08300000,"Amount":234600.90000000,"Done":true},{"Time":"2019-04-16T09:01:38","Situation":"trend","Type":"ask","Price":0.08301000,"Amount":170899.60000000,"Done":true},{"Time":"2019-04-16T09:06:40","Situation":"flat","Type":"ask","Price":0.08253000,"Amount":363450.00000000,"Done":false},{"Time":"2019-04-16T09:06:40","Situation":"flat","Type":"ask","Price":0.08306000,"Amount":178433.00000000,"Done":false},{"Time":"2019-04-16T09:06:40","Situation":"flat","Type":"ask","Price":0.08315000,"Amount":212165.60000000,"Done":false},{"Time":"2019-04-16T09:06:40","Situation":"flat","Type":"ask","Price":0.08320000,"Amount":165759.30000000,"Done":false},{"Time":"2019-04-16T09:06:40","Situation":"flat","Type":"ask","Price":0.08328000,"Amount":212165.60000000,"Done":false},{"Time":"2019-04-16T09:11:40","Situation":"flat","Type":"ask","Price":0.08253000,"Amount":363450.00000000,"Done":false},{"Time":"2019-04-16T09:11:40","Situation":"flat","Type":"ask","Price":0.08306000,"Amount":178433.00000000,"Done":false},{"Time":"2019-04-16T09:11:40","Situation":"flat","Type":"ask","Price":0.08315000,"Amount":212165.60000000,"Done":false},{"Time":"2019-04-16T09:11:40","Situation":"flat","Type":"ask","Price":0.08324000,"Amount":166555.70000000,"Done":false},{"Time":"2019-04-16T09:11:40","Situation":"flat","Type":"ask","Price":0.08328000,"Amount":212165.60000000,"Done":false},{"Time":"2019-04-16T09:16:40","Situation":"flat","Type":"ask","Price":0.08253000,"Amount":359427.40000000,"Done":false},{"Time":"2019-04-16T09:16:40","Situation":"flat","Type":"ask","Price":0.08306000,"Amount":178433.00000000,"Done":false},{"Time":"2019-04-16T09:16:40","Situation":"flat","Type":"ask","Price":0.08309000,"Amount":165759.30000000,"Done":false},{"Time":"2019-04-16T09:16:40","Situation":"flat","Type":"ask","Price":0.08315000,"Amount":212165.60000000,"Done":false},{"Time":"2019-04-16T09:16:40","Situation":"flat","Type":"ask","Price":0.08328000,"Amount":212165.60000000,"Done":false},{"Time":"2019-04-16T09:21:41","Situation":"flat","Type":"ask","Price":0.08253000,"Amount":356866.00000000,"Done":false},{"Time":"2019-04-16T09:21:41","Situation":"flat","Type":"ask","Price":0.08306000,"Amount":178433.00000000,"Done":false},{"Time":"2019-04-16T09:21:41","Situation":"flat","Type":"ask","Price":0.08315000,"Amount":212165.60000000,"Done":false},{"Time":"2019-04-16T09:21:41","Situation":"flat","Type":"ask","Price":0.08328000,"Amount":212165.60000000,"Done":false},{"Time":"2019-04-16T09:21:41","Situation":"flat","Type":"ask","Price":0.08332000,"Amount":182402.30000000,"Done":false},{"Time":"2019-04-16T09:26:43","Situation":"flat","Type":"ask","Price":0.08253000,"Amount":356866.00000000,"Done":false},{"Time":"2019-04-16T09:26:43","Situation":"flat","Type":"ask","Price":0.08306000,"Amount":178433.00000000,"Done":false},{"Time":"2019-04-16T09:26:43","Situation":"flat","Type":"ask","Price":0.08315000,"Amount":212165.60000000,"Done":false},{"Time":"2019-04-16T09:26:43","Situation":"flat","Type":"ask","Price":0.08328000,"Amount":377924.90000000,"Done":false},{"Time":"2019-04-16T09:31:46","Situation":"flat","Type":"ask","Price":0.08253000,"Amount":356866.00000000,"Done":false},{"Time":"2019-04-16T09:31:46","Situation":"flat","Type":"ask","Price":0.08306000,"Amount":178433.00000000,"Done":false},{"Time":"2019-04-16T09:31:46","Situation":"flat","Type":"ask","Price":0.08315000,"Amount":212165.60000000,"Done":false},{"Time":"2019-04-16T09:31:46","Situation":"flat","Type":"ask","Price":0.08328000,"Amount":212165.60000000,"Done":false},{"Time":"2019-04-16T09:31:46","Situation":"flat","Type":"ask","Price":0.08340000,"Amount":165889.30000000,"Done":false}