{"OrderBookAsks":[{"Time":"2019-04-16T00:01:50","Situation":"flat","Type":"ask","Price":68.18000000,"Amount":150.80829000,"Done":false},{"Time":"2019-04-16T00:01:50","Situation":"flat","Type":"ask","Price":70.77000000,"Amount":117.81250000,"Done":false},{"Time":"2019-04-16T00:06:54","Situation":"flat","Type":"ask","Price":67.92000000,"Amount":149.00000000,"Done":false},{"Time":"2019-04-16T00:06:54","Situation":"flat","Type":"ask","Price":70.77000000,"Amount":117.81250000,"Done":false},{"Time":"2019-04-16T00:11:55","Situation":"flat","Type":"ask","Price":67.92000000,"Amount":154.30187000,"Done":false},{"Time":"2019-04-16T00:11:55","Situation":"flat","Type":"ask","Price":70.77000000,"Amount":117.81250000,"Done":false},{"Time":"2019-04-16T00:16:56","Situation":"flat","Type":"ask","Price":68.17000000,"Amount":149.00000000,"Done":false},{"Time":"2019-04-16T00:16:56","Situation":"flat","Type":"ask","Price":70.77000000,"Amount":117.81250000,"Done":false},{"Time":"2019-04-16T00:21:56","Situation":"flat","Type":"ask","Price":67.92000000,"Amount":154.00000000,"Done":false},{"Time":"2019-04-16T00:21:56","Situation":"flat","Type":"ask","Price":70.77000000,"Amount":117.81250000,"Done":false},{"Time":"2019-04-16T00:27:00","Situation":"flat","Type":"ask","Price":67.92000000,"Amount":172.00000000,"Done":false},{"Time":"2019-04-16T00:27:00","Situation":"flat","Type":"ask","Price":70.77000000,"Amount":117.81250000,"Done":false},{"Time":"2019-04-16T00:32:00","Situation":"flat","Type":"ask","Price":68.18000000,"Amount":154.00000000,"Done":false},{"Time":"2019-04-16T00:32:00","Situation":"flat","Type":"ask","Price":70.77000000,"Amount":117.81250000,"Done":false},{"Time":"2019-04-16T00:37:05","Situation":"flat","Type":"ask","Price":68.18000000,"Amount":155.80829000,"Done":false},{"Time":"2019-04-16T00:37:05","Situation":"flat","Type":"ask","Price":70.77000000,"Amount":117.81250000,"Done":false},{"Time":"2019-04-16T00:42:06","Situation":"flat","Type":"ask","Price":68.18000000,"Amount":154.00000000,"Done":false},{"Time":"2019-04-16T00:42:06","Situation":"flat","Type":"ask","Price":70.77000000,"Amount":117.81250000,"Done":false},{"Time":"2019-04-16T00:47:09","Situation":"flat","Type":"ask","Price":68.18000000,"Amount":154.00000000,"Done":false},{"Time":"2019-04-16T00:47:09","Situation":"flat","Type":"ask","Price":70.77000000,"Amount":117.81250000,"Done":false},{"Time":"2019-04-16T00:52:13","Situation":"flat","Type":"ask","Price":68.18000000,"Amount":155.80829000,"Done":false},{"Time":"2019-04-16T00:52:13","Situation":"flat","Type":"ask","Price":70.77000000,"Amount":117.81250000,"Done":false},{"Time":"2019-04-16T00:57:16","Situation":"flat","Type":"ask","Price":68.18000000,"Amount":154.00000000,"Done":false},{"Time":"2019-04-16T00:57:16","Situation":"flat","Type":"ask","Price":70.77000000,"Amount":117.81250000,"Done":false},{"Time":"2019-04-16T01:02:20","Situation":"flat","Type":"ask","Price":68.18000000,"Amount":154.00000000,"Done":false},{"Time":"2019-04-16T01:02:20","Situation":"flat","Type":"ask","Price":70.77000000,"Amount":117.81250000,"Done":false},{"Time":"2019-04-16T01:07:23","Situation":"flat","Type":"ask","Price":68.18000000,"Amount":154.00000000,"Done":false},{"Time":"2019-04-16T01:07:23","Situation":"flat","Type":"ask","Price":70.77000000,"Amount":117.81250000,"Done":false},{"Time":"2019-04-16T01:12:25","Situation":"flat","Type":"ask","Price":68.57000000,"Amount":158.00000000,"Done":false},{"Time":"2019-04-16T01:12:25","Situation":"flat","Type":"ask","Price":70.77000000,"Amount":117.81250000,"Done":false},{"Time":"2019-04-16T01:17:28","Situation":"flat","Type":"ask","Price":68.57000000,"Amount":161.00000000,"Done":false},{"Time":"2019-04-16T01:17:28","Situation":"flat","Type":"ask","Price":70.77000000,"Amount":117.81250000,"Done":false},{"Time":"2019-04-16T01:22:28","Situation":"flat","Type":"ask","Price":68.57000000,"Amount":162.00000000,"Done":false},{"Time":"2019-04-16T01:22:28","Situation":"flat","Type":"ask","Price":70.77000000,"Amount":117.81250000,"Done":false},{"Time":"2019-04-16T01:27:30","Situation":"flat","Type":"ask","Price":68.57000000,"Amount":166.00000000,"Done":false},{"Time":"2019-04-16T01:27:30","Situation":"flat","Type":"ask","Price":70.77000000,"Amount":117.81250000,"Done":false},{"Time":"2019-04-16T01:32:32","Situation":"flat","Type":"ask","Price":68.57000000,"Amount":166.00000000,"Done":false},{"Time":"2019-04-16T01:32:32","Situation":"flat","Type":"ask","Price":70.77000000,"Amount":117.81250000,"Done":false},{"Time":"2019-04-16T01:37:35","Situation":"flat","Type":"ask","Price":68.57000000,"Amount":166.00000000,"Done":false},{"Time":"2019-04-16T01:37:35","Situation":"flat","Type":"ask","Price":75.00000000,"Amount":124.57350000,"Done":false},{"Time":"2019-04-16T01:42:38","Situation":"flat","Type":"ask","Price":68.13000000,"Amount":172.00000000,"Done":false},{"Time":"2019-04-16T01:47:38","Situation":"flat","Type":"ask","Price":68.13000000,"Amount":183.00000000,"Done":false},{"Time":"2019-04-16T01:52:38","Situation":"flat","Type":"ask","Price":68.13000000,"Amount":183.00000000,"Done":false},{"Time":"2019-04-16T01:57:40","Situation":"flat","Type":"ask","Price":68.13000000,"Amount":183.00000000,"Done":false},{"Time":"2019-04-16T02:02:40","Situation":"flat","Type":"ask","Price":68.13000000,"Amount":183.00000000,"Done":false},{"Time":"2019-04-16T02:07:43","Situation":"flat","Type":"ask","Price":68.13000000,"Amount":183.00000000,"Done":false},{"Time":"2019-04-16T02:12:45","Situation":"flat","Type":"ask","Price":67.93000000,"Amount":201.00000000,"Done":false},{"Time":"2019-04-16T02:17:49","Situation":"flat","Type":"ask","Price":68.02000000,"Amount":183.00000000,"Done":false},{"Time":"2019-04-16T02:22:52","Situation":"flat","Type":"ask","Price":68.02000000,"Amount":183.00000000,"Done":false},{"Time":"2019-04-16T02:27:54","Situation":"flat","Type":"ask","Price":68.02000000,"Amount":183.00000000,"Done":false},{"Time":"2019-04-16T02:32:54","Situation":"flat","Type":"ask","Price":68.02000000,"Amount":183.00000000,"Done":false},{"Time":"2019-04-16T02:37:57","Situation":"flat","Type":"ask","Price":67.78000000,"Amount":183.00000000,"Done":false},{"Time":"2019-04-16T02:43:00","Situation":"flat","Type":"ask","Price":67.60000000,"Amount":183.00000000,"Done":false},{"Time":"2019-04-16T02:48:03","Situation":"flat","Type":"ask","Price":67.60000000,"Amount":183.00000000,"Done":false},{"Time":"2019-04-16T02:53:06","Situation":"flat","Type":"ask","Price":67.38000000,"Amount":183.00000000,"Done":false},{"Time":"2019-04-16T02:58:09","Situation":"flat","Type":"ask","Price":67.38000000,"Amount":183.00000000,"Done":false},{"Time":"2019-04-16T03:03:13","Situation":"flat","Type":"ask","Price":67.38000000,"Amount":183.00000000,"Done":false},{"Time":"2019-04-16T03:08:17","Situation":"flat","Type":"ask","Price":67.38000000,"Amount":183.00000000,"Done":false},{"Time":"2019-04-16T03:13:18","Situation":"flat","Type":"ask","Price":67.38000000,"Amount":183.00000000,"Done":false},{"Time":"2019-04-16T03:18:21","Situation":"flat","Type":"ask","Price":67.77000000,"Amount":183.00000000,"Done":false},{"Time":"2019-04-16T03:18:56","Situation":"trend","Type":"ask","Price":67.77000000,"Amount":183.00000000,"Done":false},{"Time":"2019-04-16T03:23:56","Situation":"flat","Type":"ask","Price":67.78000000,"Amount":183.00000000,"Done":false},{"Time":"2019-04-16T03:28:58","Situation":"flat","Type":"ask","Price":67.78000000,"Amount":183.00000000,"Done":false},{"Time":"2019-04-16T03:33:59","Situation":"flat","Type":"ask","Price":67.78000000,"Amount":201.00000000,"Done":false},{"Time":"2019-04-16T03:39:05","Situation":"flat","Type":"ask","Price":67.78000000,"Amount":183.00000000,"Done":false},{"Time":"2019-04-16T03:44:06","Situation":"flat","Type":"ask","Price":67.78000000,"Amount":201.00000000,"Done":false},{"Time":"2019-04-16T03:49:10","Situation":"flat","Type":"ask","Price":67.78000000,"Amount":183.00000000,"Done":false},{"Time":"2019-04-16T03:54:14","Situation":"flat","Type":"ask","Price":67.78000000,"Amount":183.00000000,"Done":false},{"Time":"2019-04-16T03:59:15","Situation":"flat","Type":"ask","Price":67.78000000,"Amount":183.00000000,"Done":false},{"Time":"2019-04-16T04:04:18","Situation":"flat","Type":"ask","Price":67.78000000,"Amount":183.00000000,"Done":false},{"Time":"2019-04-16T04:09:18","Situation":"flat","Type":"ask","Price":67.78000000,"Amount":183.00000000,"Done":false},{"Time":"2019-04-16T04:14:20","Situation":"flat","Type":"ask","Price":67.78000000,"Amount":183.00000000,"Done":false},{"Time":"2019-04-16T04:19:24","Situation":"flat","Type":"ask","Price":67.78000000,"Amount":183.00000000,"Done":false},{"Time":"2019-04-16T04:24:26","Situation":"flat","Type":"ask","Price":67.78000000,"Amount":183.00000000,"Done":false},{"Time":"2019-04-16T04:29:29","Situation":"flat","Type":"ask","Price":67.77000000,"Amount":183.00000000,"Done":false},{"Time":"2019-04-16T04:34:30","Situation":"flat","Type":"ask","Price":67.78000000,"Amount":183.00000000,"Done":false},{"Time":"2019-04-16T04:39:33","Situation":"flat","Type":"ask","Price":67.96000000,"Amount":183.00000000,"Done":false},{"Time":"2019-04-16T04:44:33","Situation":"flat","Type":"ask","Price":67.96000000,"Amount":183.00000000,"Done":false},{"Time":"2019-04-16T04:49:34","Situation":"flat","Type":"ask","Price":67.96000000,"Amount":183.00000000,"Done":false},{"Time":"2019-04-16T04:54:35","Situation":"flat","Type":"ask","Price":67.96000000,"Amount":183.00000000,"Done":false},{"Time":"2019-04-16T04:54:35","Situation":"flat","Type":"ask","Price":75.00000000,"Amount":124.57350000,"Done":false},{"Time":"2019-04-16T04:59:38","Situation":"flat","Type":"ask","Price":67.96000000,"Amount":183.00000000,"Done":false},{"Time":"2019-04-16T05:04:39","Situation":"flat","Type":"ask","Price":67.96000000,"Amount":183.00000000,"Done":false},{"Time":"2019-04-16T05:09:39","Situation":"flat","Type":"ask","Price":67.96000000,"Amount":183.00000000,"Done":false},{"Time":"2019-04-16T05:14:40","Situation":"flat","Type":"ask","Price":67.96000000,"Amount":183.00000000,"Done":false},{"Time":"2019-04-16T05:19:41","Situation":"flat","Type":"ask","Price":67.96000000,"Amount":183.00000000,"Done":false},{"Time":"2019-04-16T05:24:44","Situation":"flat","Type":"ask","Price":68.02000000,"Amount":183.00000000,"Done":false},{"Time":"2019-04-16T05:24:44","Situation":"flat","Type":"ask","Price":75.00000000,"Amount":124.57350000,"Done":false},{"Time":"2019-04-16T05:29:45","Situation":"flat","Type":"ask","Price":68.11000000,"Amount":183.00000000,"Done":false},{"Time":"2019-04-16T05:29:45","Situation":"flat","Type":"ask","Price":75.00000000,"Amount":124.57350000,"Done":false},{"Time":"2019-04-16T05:34:49","Situation":"flat","Type":"ask","Price":68.11000000,"Amount":183.00000000,"Done":false},{"Time":"2019-04-16T05:39:51","Situation":"flat","Type":"ask","Price":68.19000000,"Amount":183.23466000,"Done":false},{"Time":"2019-04-16T05:44:55","Situation":"flat","Type":"ask","Price":68.19000000,"Amount":183.23466000,"Done":false},{"Time":"2019-04-16T05:49:56","Situation":"flat","Type":"ask","Price":68.19000000,"Amount":188.49579000,"Done":false},{"Time":"2019-04-16T05:55:00","Situation":"flat","Type":"ask","Price":68.19000000,"Amount":183.23466000,"Done":false},{"Time":"2019-04-16T05:55:00","Situation":"flat","Type":"ask","Price":75.00000000,"Amount":124.57350000,"Done":false},{"Time":"2019-04-16T06:00:00","Situation":"flat","Type":"ask","Price":68.19000000,"Amount":183.23466000,"Done":false},{"Time":"2019-04-16T06:05:06","Situation":"flat","Type":"ask","Price":68.19000000,"Amount":183.23466000,"Done":false},{"Time":"2019-04-16T06:10:09","Situation":"flat","Type":"ask","Price":68.19000000,"Amount":183.23466000,"Done":false},{"Time":"2019-04-16T06:15:13","Situation":"flat","Type":"ask","Price":68.19000000,"Amount":183.23466000,"Done":false},{"Time":"2019-04-16T06:20:15","Situation":"flat","Type":"ask","Price":68.55000000,"Amount":183.00000000,"Done":false},{"Time":"2019-04-16T06:25:18","Situation":"flat","Type":"ask","Price":68.25000000,"Amount":183.00000000,"Done":false},{"Time":"2019-04-16T06:30:22","Situation":"flat","Type":"ask","Price":68.44000000,"Amount":183.00000000,"Done":false},{"Time":"2019-04-16T06:35:25","Situation":"flat","Type":"ask","Price":68.44000000,"Amount":183.00000000,"Done":false},{"Time":"2019-04-16T06:40:29","Situation":"flat","Type":"ask","Price":68.44000000,"Amount":183.00000000,"Done":false},{"Time":"2019-04-16T06:45:32","Situation":"flat","Type":"ask","Price":68.44000000,"Amount":183.00000000,"Done":false},{"Time":"2019-04-16T06:50:34","Situation":"flat","Type":"ask","Price":68.44000000,"Amount":183.00000000,"Done":false},{"Time":"2019-04-16T06:55:36","Situation":"flat","Type":"ask","Price":68.44000000,"Amount":183.00000000,"Done":false},{"Time":"2019-04-16T07:00:38","Situation":"flat","Type":"ask","Price":68.44000000,"Amount":183.00000000,"Done":false},{"Time":"2019-04-16T07:05:41","Situation":"flat","Type":"ask","Price":68.73000000,"Amount":183.00000000,"Done":false},{"Time":"2019-04-16T07:05:41","Situation":"flat","Type":"ask","Price":75.00000000,"Amount":124.57350000,"Done":false},{"Time":"2019-04-16T07:10:41","Situation":"flat","Type":"ask","Price":68.73000000,"Amount":184.80829000,"Done":false},{"Time":"2019-04-16T07:10:41","Situation":"flat","Type":"ask","Price":75.00000000,"Amount":124.57350000,"Done":false},{"Time":"2019-04-16T07:15:41","Situation":"flat","Type":"ask","Price":68.73000000,"Amount":183.00000000,"Done":false},{"Time":"2019-04-16T07:15:41","Situation":"flat","Type":"ask","Price":75.00000000,"Amount":124.57350000,"Done":false},{"Time":"2019-04-16T07:15:41","Situation":"flat","Type":"ask","Price":75.25000000,"Amount":106.61374000,"Done":false},{"Time":"2019-04-16T07:20:44","Situation":"flat","Type":"ask","Price":68.73000000,"Amount":183.00000000,"Done":false},{"Time":"2019-04-16T07:20:44","Situation":"flat","Type":"ask","Price":75.00000000,"Amount":124.57350000,"Done":false},{"Time":"2019-04-16T07:25:48","Situation":"flat","Type":"ask","Price":68.73000000,"Amount":183.00000000,"Done":false},{"Time":"2019-04-16T07:25:48","Situation":"flat","Type":"ask","Price":75.00000000,"Amount":124.57350000,"Done":false},{"Time":"2019-04-16T07:30:51","Situation":"flat","Type":"ask","Price":68.51000000,"Amount":183.00000000,"Done":false},{"Time":"2019-04-16T07:30:51","Situation":"flat","Type":"ask","Price":75.00000000,"Amount":124.57350000,"Done":false},{"Time":"2019-04-16T07:35:52","Situation":"flat","Type":"ask","Price":68.51000000,"Amount":183.00000000,"Done":false},{"Time":"2019-04-16T07:35:52","Situation":"flat","Type":"ask","Price":75.00000000,"Amount":124.57350000,"Done":false},{"Time":"2019-04-16T07:40:56","Situation":"flat","Type":"ask","Price":68.51000000,"Amount":183.00000000,"Done":false},{"Time":"2019-04-16T07:45:56","Situation":"flat","Type":"ask","Price":68.51000000,"Amount":183.00000000,"Done":false},{"Time":"2019-04-16T07:45:56","Situation":"flat","Type":"ask","Price":75.00000000,"Amount":124.57350000,"Done":false},{"Time":"2019-04-16T07:50:59","Situation":"flat","Type":"ask","Price":68.51000000,"Amount":183.00000000,"Done":false},{"Time":"2019-04-16T07:50:59","Situation":"flat","Type":"ask","Price":75.00000000,"Amount":124.57350000,"Done":false},{"Time":"2019-04-16T07:56:05","Situation":"flat","Type":"ask","Price":68.51000000,"Amount":183.00000000,"Done":false},{"Time":"2019-04-16T08:01:09","Situation":"flat","Type":"ask","Price":68.51000000,"Amount":183.00000000,"Done":false},{"Time":"2019-04-16T08:01:09","Situation":"flat","Type":"ask","Price":75.00000000,"Amount":124.58404000,"Done":false},{"Time":"2019-04-16T08:06:13","Situation":"flat","Type":"ask","Price":68.51000000,"Amount":183.00000000,"Done":false},{"Time":"2019-04-16T08:06:13","Situation":"flat","Type":"ask","Price":75.00000000,"Amount":124.58404000,"Done":false},{"Time":"2019-04-16T08:11:13","Situation":"flat","Type":"ask","Price":68.51000000,"Amount":183.00000000,"Done":false},{"Time":"2019-04-16T08:11:13","Situation":"flat","Type":"ask","Price":75.00000000,"Amount":124.58404000,"Done":false},{"Time":"2019-04-16T08:16:16","Situation":"flat","Type":"ask","Price":68.51000000,"Amount":183.00000000,"Done":false},{"Time":"2019-04-16T08:21:19","Situation":"flat","Type":"ask","Price":68.51000000,"Amount":183.00000000,"Done":false},{"Time":"2019-04-16T08:26:22","Situation":"flat","Type":"ask","Price":68.51000000,"Amount":201.00000000,"Done":false},{"Time":"2019-04-16T08:26:22","Situation":"flat","Type":"ask","Price":75.00000000,"Amount":124.58404000,"Done":false},{"Time":"2019-04-16T08:31:24","Situation":"flat","Type":"ask","Price":68.70000000,"Amount":183.00000000,"Done":false},{"Time":"2019-04-16T08:36:25","Situation":"flat","Type":"ask","Price":68.70000000,"Amount":183.00000000,"Done":false},{"Time":"2019-04-16T08:36:25","Situation":"flat","Type":"ask","Price":75.00000000,"Amount":124.58404000,"Done":false},{"Time":"2019-04-16T08:41:25","Situation":"flat","Type":"ask","Price":68.70000000,"Amount":183.00000000,"Done":false},{"Time":"2019-04-16T08:41:25","Situation":"flat","Type":"ask","Price":75.00000000,"Amount":124.58404000,"Done":false},{"Time":"2019-04-16T08:46:27","Situation":"flat","Type":"ask","Price":68.73000000,"Amount":183.00000000,"Done":false},{"Time":"2019-04-16T08:46:27","Situation":"flat","Type":"ask","Price":75.00000000,"Amount":124.58404000,"Done":false},{"Time":"2019-04-16T08:51:29","Situation":"flat","Type":"ask","Price":68.73000000,"Amount":183.00000000,"Done":false},{"Time":"2019-04-16T08:51:29","Situation":"flat","Type":"ask","Price":75.00000000,"Amount":124.58404000,"Done":false},{"Time":"2019-04-16T08:56:30","Situation":"flat","Type":"ask","Price":68.73000000,"Amount":183.73378000,"Done":false},{"Time":"2019-04-16T08:56:30","Situation":"flat","Type":"ask","Price":75.00000000,"Amount":124.58404000,"Done":false},{"Time":"2019-04-16T09:01:33","Situation":"flat","Type":"ask","Price":68.73000000,"Amount":183.73378000,"Done":false},{"Time":"2019-04-16T09:06:35","Situation":"flat","Type":"ask","Price":68.73000000,"Amount":183.00000000,"Done":false},{"Time":"2019-04-16T09:06:35","Situation":"flat","Type":"ask","Price":75.00000000,"Amount":124.58404000,"Done":false},{"Time":"2019-04-16T09:11:38","Situation":"flat","Type":"ask","Price":68.73000000,"Amount":183.00000000,"Done":false},{"Time":"2019-04-16T09:11:38","Situation":"flat","Type":"ask","Price":75.00000000,"Amount":124.58404000,"Done":false},{"Time":"2019-04-16T09:16:40","Situation":"flat","Type":"ask","Price":68.73000000,"Amount":183.00000000,"Done":false},{"Time":"2019-04-16T09:16:40","Situation":"flat","Type":"ask","Price":75.00000000,"Amount":124.58404000,"Done":false},{"Time":"2019-04-16T09:21:40","Situation":"flat","Type":"ask","Price":68.73000000,"Amount":183.00000000,"Done":false},{"Time":"2019-04-16T09:21:40","Situation":"flat","Type":"ask","Price":75.00000000,"Amount":124.58404000,"Done":false},{"Time":"2019-04-16T09:26:43","Situation":"flat","Type":"ask","Price":68.73000000,"Amount":183.00000000,"Done":false},{"Time":"2019-04-16T09:26:43","Situation":"flat","Type":"ask","Price":75.00000000,"Amount":124.58404000,"Done":false},{"Time":"2019-04-16T09:31:46","Situation":"flat","Type":"ask","Price":68.73000000,"Amount":183.00000000,"Done":false},{"Time":"2019-04-16T09:31:46","Situation":"flat","Type":"ask","Price":75.00000000,"Amount":124.58404000,"Done":false},{"Time":"2019-04-16T09:36:49","Situation":"flat","Type":"ask","Price":68.73000000,"Amount":183.73314000,"Done":false},{"Time":"2019-04-16T09:41:50","Situation":"flat","Type":"ask","Price":68.73000000,"Amount":183.00000000,"Done":false},{"Time":"2019-04-16T09:46:50","Situation":"flat","Type":"ask","Price":68.53000000,"Amount":183.00000000,"Done":false},{"Time":"2019-04-16T09:46:50","Situation":"flat","Type":"ask","Price":75.00000000,"Amount":124.58404000,"Done":false},{"Time":"2019-04-16T09:51:50","Situation":"flat","Type":"ask","Price":68.53000000,"Amount":183.00000000,"Done":false},{"Time":"2019-04-16T09:56:51","Situation":"flat","Type":"ask","Price":68.53000000,"Amount":183.00000000,"Done":false},{"Time":"2019-04-16T10:01:55","Situation":"flat","Type":"ask","Price":68.53000000,"Amount":183.00000000,"Done":false},{"Time":"2019-04-16T10:06:55","Situation":"flat","Type":"ask","Price":68.53000000,"Amount":194.24397000,"Done":false},{"Time":"2019-04-16T10:11:56","Situation":"flat","Type":"ask","Price":68.35000000,"Amount":183.00000000,"Done":false},{"Time":"2019-04-16T10:16:57","Situation":"flat","Type":"ask","Price":68.35000000,"Amount":183.00000000,"Done":false},{"Time":"2019-04-16T10:21:58","Situation":"flat","Type":"ask","Price":68.14000000,"Amount":183.00000000,"Done":false},{"Time":"2019-04-16T10:23:56","Situation":"trend","Type":"ask","Price":67.78000000,"Amount":103.69000000,"Done":false},{"Time":"2019-04-16T10:23:56","Situation":"trend","Type":"ask","Price":68.14000000,"Amount":183.00000000,"Done":false},{"Time":"2019-04-16T10:29:00","Situation":"flat","Type":"ask","Price":68.14000000,"Amount":183.00000000,"Done":false},{"Time":"2019-04-16T10:34:03","Situation":"flat","Type":"ask","Price":68.14000000,"Amount":183.00000000,"Done":false},{"Time":"2019-04-16T10:39:05","Situation":"flat","Type":"ask","Price":68.14000000,"Amount":183.00000000,"Done":false},{"Time":"2019-04-16T10:44:05","Situation":"flat","Type":"ask","Price":68.14000000,"Amount":183.00000000,"Done":false},{"Time":"2019-04-16T10:49:06","Situation":"flat","Type":"ask","Price":68.14000000,"Amount":183.00000000,"Done":false},{"Time":"2019-04-16T10:54:06","Situation":"flat","Type":"ask","Price":67.93000000,"Amount":183.00000000,"Done":false},{"Time":"2019-04-16T10:59:10","Situation":"flat","Type":"ask","Price":67.93000000,"Amount":183.00000000,"Done":false},{"Time":"2019-04-16T11:04:10","Situation":"flat","Type":"ask","Price":67.93000000,"Amount":183.00000000,"Done":false},{"Time":"2019-04-16T11:09:11","Situation":"flat","Type":"ask","Price":67.93000000,"Amount":183.00000000,"Done":false},{"Time":"2019-04-16T11:14:15","Situation":"flat","Type":"ask","Price":67.93000000,"Amount":183.00000000,"Done":false},{"Time":"2019-04-16T11:19:16","Situation":"flat","Type":"ask","Price":67.93000000,"Amount":183.00000000,"Done":false},{"Time":"2019-04-16T11:24:18","Situation":"flat","Type":"ask","Price":67.93000000,"Amount":183.00000000,"Done":false},{"Time":"2019-04-16T11:29:21","Situation":"flat","Type":"ask","Price":67.93000000,"Amount":183.00000000,"Done":false},{"Time":"2019-04-16T11:34:25","Situation":"flat","Type":"ask","Price":67.93000000,"Amount":183.00000000,"Done":false},{"Time":"2019-04-16T11:39:28","Situation":"flat","Type":"ask","Price":67.93000000,"Amount":183.00000000,"Done":false},{"Time":"2019-04-16T11:44:30","Situation":"flat","Type":"ask","Price":68.11000000,"Amount":183.74030000,"Done":false},{"Time":"2019-04-16T11:49:33","Situation":"flat","Type":"ask","Price":68.11000000,"Amount":183.74074000,"Done":false},{"Time":"2019-04-16T11:54:36","Situation":"flat","Type":"ask","Price":68.11000000,"Amount":183.00000000,"Done":false},{"Time":"2019-04-16T11:59:40","Situation":"flat","Type":"ask","Price":68.11000000,"Amount":183.00000000,"Done":false},{"Time":"2019-04-16T12:04:41","Situation":"flat","Type":"ask","Price":68.11000000,"Amount":183.00000000,"Done":false},{"Time":"2019-04-16T12:09:45","Situation":"flat","Type":"ask","Price":68.11000000,"Amount":183.00000000,"Done":false},{"Time":"2019-04-16T12:14:48","Situation":"flat","Type":"ask","Price":68.11000000,"Amount":183.00000000,"Done":false},{"Time":"2019-04-16T12:19:50","Situation":"flat","Type":"ask","Price":68.14000000,"Amount":183.00000000,"Done":false},{"Time":"2019-04-16T12:24:51","Situation":"flat","Type":"ask","Price":68.14000000,"Amount":183.00000000,"Done":false},{"Time":"2019-04-16T12:29:53","Situation":"flat","Type":"ask","Price":68.14000000,"Amount":183.00000000,"Done":false},{"Time":"2019-04-16T12:34:55","Situation":"flat","Type":"ask","Price":68.07000000,"Amount":183.00000000,"Done":false},{"Time":"2019-04-16T12:39:58","Situation":"flat","Type":"ask","Price":67.86000000,"Amount":183.74294000,"Done":false},{"Time":"2019-04-16T12:44:58","Situation":"flat","Type":"ask","Price":67.86000000,"Amount":183.00000000,"Done":false},{"Time":"2019-04-16T12:50:03","Situation":"flat","Type":"ask","Price":67.86000000,"Amount":183.00000000,"Done":false},{"Time":"2019-04-16T12:51:35","Situation":"trend","Type":"ask","Price":67.86000000,"Amount":183.00000000,"Done":false},{"Time":"2019-04-16T12:56:36","Situation":"flat","Type":"ask","Price":67.75000000,"Amount":184.80829000,"Done":false}],"OrderBookBids":[{"Time":"2019-04-16T00:01:50","Situation":"flat","Type":"bid","Price":67.20000000,"Amount":203.00000000,"Done":false},{"Time":"2019-04-16T00:01:50","Situation":"flat","Type":"bid","Price":66.26000000,"Amount":111.39458000,"Done":false},{"Time":"2019-04-16T00:01:50","Situation":"flat","Type":"bid","Price":63.20000000,"Amount":104.07245000,"Done":false},{"Time":"2019-04-16T00:01:50","Situation":"flat","Type":"bid","Price":62.56000000,"Amount":128.24795000,"Done":false},{"Time":"2019-04-16T00:01:50","Situation":"flat","Type":"bid","Price":62.50000000,"Amount":116.57980000,"Done":false},{"Time":"2019-04-16T00:01:50","Situation":"flat","Type":"bid","Price":61.00000000,"Amount":159.23358000,"Done":false},{"Time":"2019-04-16T00:06:54","Situation":"flat","Type":"bid","Price":67.26000000,"Amount":100.00000000,"Done":false},{"Time":"2019-04-16T00:06:54","Situation":"flat","Type":"bid","Price":67.02000000,"Amount":184.96986000,"Done":false},{"Time":"2019-04-16T00:06:54","Situation":"flat","Type":"bid","Price":66.10000000,"Amount":111.66422000,"Done":false},{"Time":"2019-04-16T00:06:54","Situation":"flat","Type":"bid","Price":63.20000000,"Amount":104.07245000,"Done":false},{"Time":"2019-04-16T00:06:54","Situation":"flat","Type":"bid","Price":62.50000000,"Amount":116.57980000,"Done":false},{"Time":"2019-04-16T00:06:54","Situation":"flat","Type":"bid","Price":62.41000000,"Amount":128.55618000,"Done":false},{"Time":"2019-04-16T00:11:55","Situation":"flat","Type":"bid","Price":67.26000000,"Amount":100.00000000,"Done":false},{"Time":"2019-04-16T00:11:55","Situation":"flat","Type":"bid","Price":67.02000000,"Amount":184.96986000,"Done":false},{"Time":"2019-04-16T00:11:55","Situation":"flat","Type":"bid","Price":66.11000000,"Amount":111.64733000,"Done":false},{"Time":"2019-04-16T00:11:55","Situation":"flat","Type":"bid","Price":63.20000000,"Amount":104.07245000,"Done":false},{"Time":"2019-04-16T00:11:55","Situation":"flat","Type":"bid","Price":62.50000000,"Amount":116.57980000,"Done":false},{"Time":"2019-04-16T00:11:55","Situation":"flat","Type":"bid","Price":62.41000000,"Amount":128.55618000,"Done":false},{"Time":"2019-04-16T00:16:56","Situation":"flat","Type":"bid","Price":67.02000000,"Amount":184.96986000,"Done":false},{"Time":"2019-04-16T00:16:56","Situation":"flat","Type":"bid","Price":66.10000000,"Amount":111.66422000,"Done":false},{"Time":"2019-04-16T00:16:56","Situation":"flat","Type":"bid","Price":63.20000000,"Amount":104.07245000,"Done":false},{"Time":"2019-04-16T00:16:56","Situation":"flat","Type":"bid","Price":62.50000000,"Amount":116.57980000,"Done":false},{"Time":"2019-04-16T00:16:56","Situation":"flat","Type":"bid","Price":62.41000000,"Amount":128.55618000,"Done":false},{"Time":"2019-04-16T00:16:56","Situation":"flat","Type":"bid","Price":61.00000000,"Amount":159.23358000,"Done":false},{"Time":"2019-04-16T00:21:56","Situation":"flat","Type":"bid","Price":67.02000000,"Amount":184.96986000,"Done":false},{"Time":"2019-04-16T00:21:56","Situation":"flat","Type":"bid","Price":66.08000000,"Amount":111.69802000,"Done":false},{"Time":"2019-04-16T00:21:56","Situation":"flat","Type":"bid","Price":63.20000000,"Amount":104.07245000,"Done":false},{"Time":"2019-04-16T00:21:56","Situation":"flat","Type":"bid","Price":62.50000000,"Amount":116.57980000,"Done":false},{"Time":"2019-04-16T00:21:56","Situation":"flat","Type":"bid","Price":62.41000000,"Amount":128.55618000,"Done":false},{"Time":"2019-04-16T00:21:56","Situation":"flat","Type":"bid","Price":61.00000000,"Amount":159.23358000,"Done":false},{"Time":"2019-04-16T00:27:00","Situation":"flat","Type":"bid","Price":67.02000000,"Amount":184.96986000,"Done":false},{"Time":"2019-04-16T00:27:00","Situation":"flat","Type":"bid","Price":66.19000000,"Amount":111.74705000,"Done":false},{"Time":"2019-04-16T00:27:00","Situation":"flat","Type":"bid","Price":63.20000000,"Amount":104.07245000,"Done":false},{"Time":"2019-04-16T00:27:00","Situation":"flat","Type":"bid","Price":62.50000000,"Amount":116.57980000,"Done":false},{"Time":"2019-04-16T00:27:00","Situation":"flat","Type":"bid","Price":62.41000000,"Amount":128.55618000,"Done":false},{"Time":"2019-04-16T00:27:00","Situation":"flat","Type":"bid","Price":61.00000000,"Amount":159.23358000,"Done":false},{"Time":"2019-04-16T00:32:00","Situation":"flat","Type":"bid","Price":67.20000000,"Amount":184.00000000,"Done":false},{"Time":"2019-04-16T00:32:00","Situation":"flat","Type":"bid","Price":65.84000000,"Amount":107.12948000,"Done":false},{"Time":"2019-04-16T00:32:00","Situation":"flat","Type":"bid","Price":63.20000000,"Amount":104.07245000,"Done":false},{"Time":"2019-04-16T00:32:00","Situation":"flat","Type":"bid","Price":62.50000000,"Amount":116.57980000,"Done":false},{"Time":"2019-04-16T00:32:00","Situation":"flat","Type":"bid","Price":62.41000000,"Amount":128.55618000,"Done":false},{"Time":"2019-04-16T00:37:05","Situation":"flat","Type":"bid","Price":66.96000000,"Amount":184.00000000,"Done":false},{"Time":"2019-04-16T00:37:05","Situation":"flat","Type":"bid","Price":66.13000000,"Amount":106.65968000,"Done":false},{"Time":"2019-04-16T00:37:05","Situation":"flat","Type":"bid","Price":63.20000000,"Amount":104.07245000,"Done":false},{"Time":"2019-04-16T00:37:05","Situation":"flat","Type":"bid","Price":62.50000000,"Amount":116.57980000,"Done":false},{"Time":"2019-04-16T00:37:05","Situation":"flat","Type":"bid","Price":62.41000000,"Amount":128.55618000,"Done":false},{"Time":"2019-04-16T00:42:06","Situation":"flat","Type":"bid","Price":67.14000000,"Amount":184.00000000,"Done":false},{"Time":"2019-04-16T00:42:06","Situation":"flat","Type":"bid","Price":66.20000000,"Amount":111.50468000,"Done":false},{"Time":"2019-04-16T00:42:06","Situation":"flat","Type":"bid","Price":63.20000000,"Amount":104.07245000,"Done":false},{"Time":"2019-04-16T00:42:06","Situation":"flat","Type":"bid","Price":62.50000000,"Amount":116.57980000,"Done":false},{"Time":"2019-04-16T00:42:06","Situation":"flat","Type":"bid","Price":62.41000000,"Amount":128.55618000,"Done":false},{"Time":"2019-04-16T00:47:09","Situation":"flat","Type":"bid","Price":67.14000000,"Amount":184.00000000,"Done":false},{"Time":"2019-04-16T00:47:09","Situation":"flat","Type":"bid","Price":66.23000000,"Amount":111.45417000,"Done":false},{"Time":"2019-04-16T00:47:09","Situation":"flat","Type":"bid","Price":63.20000000,"Amount":104.07245000,"Done":false},{"Time":"2019-04-16T00:47:09","Situation":"flat","Type":"bid","Price":62.50000000,"Amount":116.57980000,"Done":false},{"Time":"2019-04-16T00:47:09","Situation":"flat","Type":"bid","Price":62.41000000,"Amount":128.55618000,"Done":false},{"Time":"2019-04-16T00:47:09","Situation":"flat","Type":"bid","Price":61.00000000,"Amount":159.23358000,"Done":false},{"Time":"2019-04-16T00:52:13","Situation":"flat","Type":"bid","Price":67.14000000,"Amount":184.00000000,"Done":false},{"Time":"2019-04-16T00:52:13","Situation":"flat","Type":"bid","Price":66.23000000,"Amount":111.45417000,"Done":false},{"Time":"2019-04-16T00:52:13","Situation":"flat","Type":"bid","Price":63.20000000,"Amount":104.07245000,"Done":false},{"Time":"2019-04-16T00:52:13","Situation":"flat","Type":"bid","Price":62.50000000,"Amount":116.57980000,"Done":false},{"Time":"2019-04-16T00:52:13","Situation":"flat","Type":"bid","Price":62.41000000,"Amount":128.55618000,"Done":false},{"Time":"2019-04-16T00:57:16","Situation":"flat","Type":"bid","Price":67.14000000,"Amount":184.00000000,"Done":false},{"Time":"2019-04-16T00:57:16","Situation":"flat","Type":"bid","Price":66.24000000,"Amount":111.43735000,"Done":false},{"Time":"2019-04-16T00:57:16","Situation":"flat","Type":"bid","Price":63.20000000,"Amount":104.07245000,"Done":false},{"Time":"2019-04-16T00:57:16","Situation":"flat","Type":"bid","Price":62.50000000,"Amount":116.57980000,"Done":false},{"Time":"2019-04-16T00:57:16","Situation":"flat","Type":"bid","Price":62.41000000,"Amount":128.55618000,"Done":false},{"Time":"2019-04-16T00:57:16","Situation":"flat","Type":"bid","Price":61.00000000,"Amount":159.23358000,"Done":false},{"Time":"2019-04-16T01:02:20","Situation":"flat","Type":"bid","Price":67.32000000,"Amount":250.50227000,"Done":false},{"Time":"2019-04-16T01:02:20","Situation":"flat","Type":"bid","Price":66.25000000,"Amount":111.42053000,"Done":false},{"Time":"2019-04-16T01:02:20","Situation":"flat","Type":"bid","Price":63.20000000,"Amount":104.07245000,"Done":false},{"Time":"2019-04-16T01:02:20","Situation":"flat","Type":"bid","Price":62.50000000,"Amount":116.57980000,"Done":false},{"Time":"2019-04-16T01:02:20","Situation":"flat","Type":"bid","Price":61.00000000,"Amount":159.23358000,"Done":false},{"Time":"2019-04-16T01:07:23","Situation":"flat","Type":"bid","Price":67.32000000,"Amount":243.41771000,"Done":false},{"Time":"2019-04-16T01:07:23","Situation":"flat","Type":"bid","Price":66.28000000,"Amount":111.37010000,"Done":false},{"Time":"2019-04-16T01:07:23","Situation":"flat","Type":"bid","Price":63.20000000,"Amount":104.07245000,"Done":false},{"Time":"2019-04-16T01:07:23","Situation":"flat","Type":"bid","Price":62.58000000,"Amount":128.20696000,"Done":false},{"Time":"2019-04-16T01:07:23","Situation":"flat","Type":"bid","Price":62.50000000,"Amount":116.57980000,"Done":false},{"Time":"2019-04-16T01:07:23","Situation":"flat","Type":"bid","Price":61.00000000,"Amount":159.23358000,"Done":false},{"Time":"2019-04-16T01:12:25","Situation":"flat","Type":"bid","Price":67.32000000,"Amount":184.00000000,"Done":false},{"Time":"2019-04-16T01:12:25","Situation":"flat","Type":"bid","Price":66.37000000,"Amount":111.21907000,"Done":false},{"Time":"2019-04-16T01:12:25","Situation":"flat","Type":"bid","Price":63.20000000,"Amount":104.07245000,"Done":false},{"Time":"2019-04-16T01:12:25","Situation":"flat","Type":"bid","Price":62.50000000,"Amount":116.57980000,"Done":false},{"Time":"2019-04-16T01:12:25","Situation":"flat","Type":"bid","Price":61.00000000,"Amount":159.23358000,"Done":false},{"Time":"2019-04-16T01:17:28","Situation":"flat","Type":"bid","Price":67.32000000,"Amount":184.00000000,"Done":false},{"Time":"2019-04-16T01:17:28","Situation":"flat","Type":"bid","Price":66.87000000,"Amount":105.07714000,"Done":false},{"Time":"2019-04-16T01:17:28","Situation":"flat","Type":"bid","Price":66.45000000,"Amount":111.08518000,"Done":false},{"Time":"2019-04-16T01:17:28","Situation":"flat","Type":"bid","Price":63.20000000,"Amount":104.07245000,"Done":false},{"Time":"2019-04-16T01:17:28","Situation":"flat","Type":"bid","Price":62.50000000,"Amount":116.57980000,"Done":false},{"Time":"2019-04-16T01:17:28","Situation":"flat","Type":"bid","Price":61.00000000,"Amount":159.23358000,"Done":false},{"Time":"2019-04-16T01:22:28","Situation":"flat","Type":"bid","Price":67.32000000,"Amount":184.00000000,"Done":false},{"Time":"2019-04-16T01:22:28","Situation":"flat","Type":"bid","Price":66.45000000,"Amount":111.08518000,"Done":false},{"Time":"2019-04-16T01:22:28","Situation":"flat","Type":"bid","Price":63.20000000,"Amount":104.07245000,"Done":false},{"Time":"2019-04-16T01:22:28","Situation":"flat","Type":"bid","Price":62.50000000,"Amount":116.57980000,"Done":false},{"Time":"2019-04-16T01:22:28","Situation":"flat","Type":"bid","Price":61.00000000,"Amount":159.23358000,"Done":false},{"Time":"2019-04-16T01:27:30","Situation":"flat","Type":"bid","Price":67.32000000,"Amount":184.00000000,"Done":false},{"Time":"2019-04-16T01:27:30","Situation":"flat","Type":"bid","Price":66.43000000,"Amount":111.11862000,"Done":false},{"Time":"2019-04-16T01:27:30","Situation":"flat","Type":"bid","Price":63.20000000,"Amount":104.07245000,"Done":false},{"Time":"2019-04-16T01:27:30","Situation":"flat","Type":"bid","Price":62.50000000,"Amount":116.57980000,"Done":false},{"Time":"2019-04-16T01:27:30","Situation":"flat","Type":"bid","Price":61.00000000,"Amount":159.23358000,"Done":false},{"Time":"2019-04-16T01:32:32","Situation":"flat","Type":"bid","Price":67.32000000,"Amount":184.00000000,"Done":false},{"Time":"2019-04-16T01:32:32","Situation":"flat","Type":"bid","Price":66.44000000,"Amount":111.10190000,"Done":false},{"Time":"2019-04-16T01:32:32","Situation":"flat","Type":"bid","Price":63.20000000,"Amount":104.07245000,"Done":false},{"Time":"2019-04-16T01:32:32","Situation":"flat","Type":"bid","Price":62.50000000,"Amount":116.57980000,"Done":false},{"Time":"2019-04-16T01:37:35","Situation":"flat","Type":"bid","Price":67.32000000,"Amount":184.00000000,"Done":false},{"Time":"2019-04-16T01:37:35","Situation":"flat","Type":"bid","Price":66.44000000,"Amount":111.10190000,"Done":false},{"Time":"2019-04-16T01:37:35","Situation":"flat","Type":"bid","Price":63.20000000,"Amount":104.07245000,"Done":false},{"Time":"2019-04-16T01:37:35","Situation":"flat","Type":"bid","Price":62.50000000,"Amount":116.57980000,"Done":false},{"Time":"2019-04-16T01:37:35","Situation":"flat","Type":"bid","Price":61.00000000,"Amount":159.23358000,"Done":false},{"Time":"2019-04-16T01:42:38","Situation":"flat","Type":"bid","Price":67.32000000,"Amount":184.00000000,"Done":false},{"Time":"2019-04-16T01:42:38","Situation":"flat","Type":"bid","Price":66.42000000,"Amount":111.13535000,"Done":false},{"Time":"2019-04-16T01:42:38","Situation":"flat","Type":"bid","Price":63.20000000,"Amount":104.07245000,"Done":false},{"Time":"2019-04-16T01:42:38","Situation":"flat","Type":"bid","Price":62.50000000,"Amount":116.57980000,"Done":false},{"Time":"2019-04-16T01:42:38","Situation":"flat","Type":"bid","Price":61.00000000,"Amount":159.23358000,"Done":false},{"Time":"2019-04-16T01:47:38","Situation":"flat","Type":"bid","Price":67.51000000,"Amount":115.00000000,"Done":false},{"Time":"2019-04-16T01:47:38","Situation":"flat","Type":"bid","Price":67.32000000,"Amount":184.00000000,"Done":false},{"Time":"2019-04-16T01:47:38","Situation":"flat","Type":"bid","Price":66.34000000,"Amount":111.26937000,"Done":false},{"Time":"2019-04-16T01:47:38","Situation":"flat","Type":"bid","Price":63.20000000,"Amount":104.07245000,"Done":false},{"Time":"2019-04-16T01:47:38","Situation":"flat","Type":"bid","Price":62.50000000,"Amount":116.57980000,"Done":false},{"Time":"2019-04-16T01:47:38","Situation":"flat","Type":"bid","Price":61.00000000,"Amount":159.23358000,"Done":false},{"Time":"2019-04-16T01:52:38","Situation":"flat","Type":"bid","Price":67.53000000,"Amount":110.00000000,"Done":false},{"Time":"2019-04-16T01:52:38","Situation":"flat","Type":"bid","Price":67.32000000,"Amount":184.00000000,"Done":false},{"Time":"2019-04-16T01:52:38","Situation":"flat","Type":"bid","Price":66.38000000,"Amount":111.20232000,"Done":false},{"Time":"2019-04-16T01:52:38","Situation":"flat","Type":"bid","Price":63.20000000,"Amount":104.07245000,"Done":false},{"Time":"2019-04-16T01:52:38","Situation":"flat","Type":"bid","Price":62.50000000,"Amount":116.57980000,"Done":false},{"Time":"2019-04-16T01:52:38","Situation":"flat","Type":"bid","Price":61.00000000,"Amount":159.23358000,"Done":false},{"Time":"2019-04-16T01:57:40","Situation":"flat","Type":"bid","Price":67.32000000,"Amount":184.00000000,"Done":false},{"Time":"2019-04-16T01:57:40","Situation":"flat","Type":"bid","Price":67.01000000,"Amount":101.26285000,"Done":false},{"Time":"2019-04-16T01:57:40","Situation":"flat","Type":"bid","Price":66.02000000,"Amount":106.84615000,"Done":false},{"Time":"2019-04-16T01:57:40","Situation":"flat","Type":"bid","Price":63.20000000,"Amount":104.07245000,"Done":false},{"Time":"2019-04-16T01:57:40","Situation":"flat","Type":"bid","Price":62.50000000,"Amount":116.57980000,"Done":false},{"Time":"2019-04-16T01:57:40","Situation":"flat","Type":"bid","Price":61.00000000,"Amount":159.23358000,"Done":false},{"Time":"2019-04-16T02:02:40","Situation":"flat","Type":"bid","Price":67.32000000,"Amount":184.00000000,"Done":false},{"Time":"2019-04-16T02:02:40","Situation":"flat","Type":"bid","Price":67.31000000,"Amount":109.42653000,"Done":false},{"Time":"2019-04-16T02:02:40","Situation":"flat","Type":"bid","Price":66.34000000,"Amount":106.33076000,"Done":false},{"Time":"2019-04-16T02:02:40","Situation":"flat","Type":"bid","Price":63.20000000,"Amount":104.07245000,"Done":false},{"Time":"2019-04-16T02:02:40","Situation":"flat","Type":"bid","Price":62.50000000,"Amount":116.57980000,"Done":false},{"Time":"2019-04-16T02:02:40","Situation":"flat","Type":"bid","Price":61.00000000,"Amount":159.23358000,"Done":false},{"Time":"2019-04-16T02:07:43","Situation":"flat","Type":"bid","Price":67.00000000,"Amount":184.00000000,"Done":false},{"Time":"2019-04-16T02:07:43","Situation":"flat","Type":"bid","Price":65.89000000,"Amount":106.02055000,"Done":false},{"Time":"2019-04-16T02:07:43","Situation":"flat","Type":"bid","Price":63.20000000,"Amount":104.07245000,"Done":false},{"Time":"2019-04-16T02:07:43","Situation":"flat","Type":"bid","Price":62.50000000,"Amount":116.57980000,"Done":false},{"Time":"2019-04-16T02:07:43","Situation":"flat","Type":"bid","Price":61.00000000,"Amount":159.23358000,"Done":false},{"Time":"2019-04-16T02:12:45","Situation":"flat","Type":"bid","Price":67.00000000,"Amount":184.00000000,"Done":false},{"Time":"2019-04-16T02:12:45","Situation":"flat","Type":"bid","Price":66.87000000,"Amount":151.81755000,"Done":false},{"Time":"2019-04-16T02:12:45","Situation":"flat","Type":"bid","Price":63.20000000,"Amount":104.07245000,"Done":false},{"Time":"2019-04-16T02:12:45","Situation":"flat","Type":"bid","Price":62.50000000,"Amount":116.57980000,"Done":false},{"Time":"2019-04-16T02:12:45","Situation":"flat","Type":"bid","Price":61.00000000,"Amount":159.23358000,"Done":false},{"Time":"2019-04-16T02:17:49","Situation":"flat","Type":"bid","Price":67.05000000,"Amount":184.00000000,"Done":false},{"Time":"2019-04-16T02:17:49","Situation":"flat","Type":"bid","Price":66.23000000,"Amount":111.09840000,"Done":false},{"Time":"2019-04-16T02:17:49","Situation":"flat","Type":"bid","Price":63.20000000,"Amount":104.07245000,"Done":false},{"Time":"2019-04-16T02:17:49","Situation":"flat","Type":"bid","Price":62.50000000,"Amount":116.57980000,"Done":false},{"Time":"2019-04-16T02:17:49","Situation":"flat","Type":"bid","Price":61.00000000,"Amount":159.23358000,"Done":false},{"Time":"2019-04-16T02:22:52","Situation":"flat","Type":"bid","Price":67.05000000,"Amount":184.00000000,"Done":false},{"Time":"2019-04-16T02:22:52","Situation":"flat","Type":"bid","Price":66.10000000,"Amount":111.31690000,"Done":false},{"Time":"2019-04-16T02:22:52","Situation":"flat","Type":"bid","Price":63.20000000,"Amount":104.07245000,"Done":false},{"Time":"2019-04-16T02:22:52","Situation":"flat","Type":"bid","Price":62.50000000,"Amount":116.57980000,"Done":false},{"Time":"2019-04-16T02:22:52","Situation":"flat","Type":"bid","Price":61.00000000,"Amount":159.23358000,"Done":false},{"Time":"2019-04-16T02:27:54","Situation":"flat","Type":"bid","Price":67.05000000,"Amount":184.00000000,"Done":false},{"Time":"2019-04-16T02:27:54","Situation":"flat","Type":"bid","Price":66.10000000,"Amount":111.31690000,"Done":false},{"Time":"2019-04-16T02:27:54","Situation":"flat","Type":"bid","Price":63.20000000,"Amount":104.07245000,"Done":false},{"Time":"2019-04-16T02:27:54","Situation":"flat","Type":"bid","Price":62.50000000,"Amount":116.57980000,"Done":false},{"Time":"2019-04-16T02:27:54","Situation":"flat","Type":"bid","Price":61.00000000,"Amount":159.23358000,"Done":false},{"Time":"2019-04-16T02:32:54","Situation":"flat","Type":"bid","Price":67.05000000,"Amount":184.00000000,"Done":false},{"Time":"2019-04-16T02:32:54","Situation":"flat","Type":"bid","Price":66.10000000,"Amount":111.31690000,"Done":false},{"Time":"2019-04-16T02:32:54","Situation":"flat","Type":"bid","Price":63.20000000,"Amount":104.07245000,"Done":false},{"Time":"2019-04-16T02:32:54","Situation":"flat","Type":"bid","Price":62.50000000,"Amount":116.57980000,"Done":false},{"Time":"2019-04-16T02:32:54","Situation":"flat","Type":"bid","Price":61.00000000,"Amount":159.23358000,"Done":false},{"Time":"2019-04-16T02:37:57","Situation":"flat","Type":"bid","Price":66.85000000,"Amount":184.00000000,"Done":false},{"Time":"2019-04-16T02:37:57","Situation":"flat","Type":"bid","Price":66.10000000,"Amount":111.31690000,"Done":false},{"Time":"2019-04-16T02:37:57","Situation":"flat","Type":"bid","Price":63.20000000,"Amount":104.07245000,"Done":false},{"Time":"2019-04-16T02:37:57","Situation":"flat","Type":"bid","Price":62.50000000,"Amount":116.57980000,"Done":false},{"Time":"2019-04-16T02:37:57","Situation":"flat","Type":"bid","Price":61.00000000,"Amount":159.23358000,"Done":false},{"Time":"2019-04-16T02:43:00","Situation":"flat","Type":"bid","Price":66.67000000,"Amount":184.00000000,"Done":false},{"Time":"2019-04-16T02:43:00","Situation":"flat","Type":"bid","Price":65.80000000,"Amount":126.41098000,"Done":false},{"Time":"2019-04-16T02:43:00","Situation":"flat","Type":"bid","Price":63.20000000,"Amount":104.07245000,"Done":false},{"Time":"2019-04-16T02:43:00","Situation":"flat","Type":"bid","Price":62.50000000,"Amount":116.57980000,"Done":false},{"Time":"2019-04-16T02:43:00","Situation":"flat","Type":"bid","Price":61.00000000,"Amount":159.23358000,"Done":false},{"Time":"2019-04-16T02:48:03","Situation":"flat","Type":"bid","Price":66.60000000,"Amount":156.77199000,"Done":false},{"Time":"2019-04-16T02:48:03","Situation":"flat","Type":"bid","Price":66.45000000,"Amount":184.00000000,"Done":false},{"Time":"2019-04-16T02:48:03","Situation":"flat","Type":"bid","Price":65.28000000,"Amount":108.40177000,"Done":false},{"Time":"2019-04-16T02:48:03","Situation":"flat","Type":"bid","Price":63.20000000,"Amount":104.07245000,"Done":false},{"Time":"2019-04-16T02:48:03","Situation":"flat","Type":"bid","Price":62.50000000,"Amount":116.57980000,"Done":false},{"Time":"2019-04-16T02:48:03","Situation":"flat","Type":"bid","Price":61.00000000,"Amount":159.23358000,"Done":false},{"Time":"2019-04-16T02:53:06","Situation":"flat","Type":"bid","Price":66.45000000,"Amount":184.00000000,"Done":false},{"Time":"2019-04-16T02:53:06","Situation":"flat","Type":"bid","Price":65.62000000,"Amount":112.20788000,"Done":false},{"Time":"2019-04-16T02:53:06","Situation":"flat","Type":"bid","Price":63.20000000,"Amount":104.07245000,"Done":false},{"Time":"2019-04-16T02:53:06","Situation":"flat","Type":"bid","Price":62.50000000,"Amount":116.57980000,"Done":false},{"Time":"2019-04-16T02:53:06","Situation":"flat","Type":"bid","Price":61.00000000,"Amount":159.23358000,"Done":false},{"Time":"2019-04-16T02:58:09","Situation":"flat","Type":"bid","Price":66.60000000,"Amount":124.53699000,"Done":false},{"Time":"2019-04-16T02:58:09","Situation":"flat","Type":"bid","Price":66.45000000,"Amount":185.49745000,"Done":false},{"Time":"2019-04-16T02:58:09","Situation":"flat","Type":"bid","Price":65.59000000,"Amount":112.25920000,"Done":false},{"Time":"2019-04-16T02:58:09","Situation":"flat","Type":"bid","Price":63.20000000,"Amount":104.07245000,"Done":false},{"Time":"2019-04-16T02:58:09","Situation":"flat","Type":"bid","Price":62.50000000,"Amount":116.57980000,"Done":false},{"Time":"2019-04-16T02:58:09","Situation":"flat","Type":"bid","Price":61.00000000,"Amount":159.23358000,"Done":false},{"Time":"2019-04-16T03:03:13","Situation":"flat","Type":"bid","Price":66.45000000,"Amount":185.49745000,"Done":false},{"Time":"2019-04-16T03:03:13","Situation":"flat","Type":"bid","Price":65.60000000,"Amount":112.24209000,"Done":false},{"Time":"2019-04-16T03:03:13","Situation":"flat","Type":"bid","Price":63.20000000,"Amount":104.07245000,"Done":false},{"Time":"2019-04-16T03:03:13","Situation":"flat","Type":"bid","Price":62.50000000,"Amount":116.57980000,"Done":false},{"Time":"2019-04-16T03:03:13","Situation":"flat","Type":"bid","Price":61.00000000,"Amount":159.23358000,"Done":false},{"Time":"2019-04-16T03:08:17","Situation":"flat","Type":"bid","Price":66.66000000,"Amount":110.00600000,"Done":false},{"Time":"2019-04-16T03:08:17","Situation":"flat","Type":"bid","Price":66.45000000,"Amount":185.72751000,"Done":false},{"Time":"2019-04-16T03:08:17","Situation":"flat","Type":"bid","Price":65.65000000,"Amount":112.15660000,"Done":false},{"Time":"2019-04-16T03:08:17","Situation":"flat","Type":"bid","Price":63.20000000,"Amount":104.07245000,"Done":false},{"Time":"2019-04-16T03:08:17","Situation":"flat","Type":"bid","Price":62.50000000,"Amount":116.57980000,"Done":false},{"Time":"2019-04-16T03:08:17","Situation":"flat","Type":"bid","Price":61.00000000,"Amount":159.23358000,"Done":false},{"Time":"2019-04-16T03:13:18","Situation":"flat","Type":"bid","Price":66.66000000,"Amount":110.00600000,"Done":false},{"Time":"2019-04-16T03:13:18","Situation":"flat","Type":"bid","Price":66.45000000,"Amount":184.00000000,"Done":false},{"Time":"2019-04-16T03:13:18","Situation":"flat","Type":"bid","Price":65.65000000,"Amount":112.15660000,"Done":false},{"Time":"2019-04-16T03:13:18","Situation":"flat","Type":"bid","Price":63.20000000,"Amount":104.07245000,"Done":false},{"Time":"2019-04-16T03:13:18","Situation":"flat","Type":"bid","Price":62.50000000,"Amount":116.57980000,"Done":false},{"Time":"2019-04-16T03:13:18","Situation":"flat","Type":"bid","Price":61.00000000,"Amount":159.23358000,"Done":false},{"Time":"2019-04-16T03:18:21","Situation":"flat","Type":"bid","Price":66.82000000,"Amount":123.60790000,"Done":false},{"Time":"2019-04-16T03:18:21","Situation":"flat","Type":"bid","Price":66.45000000,"Amount":184.00000000,"Done":false},{"Time":"2019-04-16T03:18:21","Situation":"flat","Type":"bid","Price":65.76000000,"Amount":111.96899000,"Done":false},{"Time":"2019-04-16T03:18:21","Situation":"flat","Type":"bid","Price":63.20000000,"Amount":104.07245000,"Done":false},{"Time":"2019-04-16T03:18:21","Situation":"flat","Type":"bid","Price":62.50000000,"Amount":116.57980000,"Done":false},{"Time":"2019-04-16T03:18:56","Situation":"trend","Type":"bid","Price":66.90000000,"Amount":109.79073000,"Done":false},{"Time":"2019-04-16T03:18:56","Situation":"trend","Type":"bid","Price":66.63000000,"Amount":184.00000000,"Done":false},{"Time":"2019-04-16T03:18:56","Situation":"trend","Type":"bid","Price":65.76000000,"Amount":111.96899000,"Done":false},{"Time":"2019-04-16T03:18:56","Situation":"trend","Type":"bid","Price":63.20000000,"Amount":104.07245000,"Done":false},{"Time":"2019-04-16T03:18:56","Situation":"trend","Type":"bid","Price":62.50000000,"Amount":116.57980000,"Done":false},{"Time":"2019-04-16T03:18:56","Situation":"trend","Type":"bid","Price":61.00000000,"Amount":159.23358000,"Done":false},{"Time":"2019-04-16T03:23:56","Situation":"flat","Type":"bid","Price":66.81000000,"Amount":190.98222000,"Done":false},{"Time":"2019-04-16T03:23:56","Situation":"flat","Type":"bid","Price":65.96000000,"Amount":111.62949000,"Done":false},{"Time":"2019-04-16T03:23:56","Situation":"flat","Type":"bid","Price":63.20000000,"Amount":104.07245000,"Done":false},{"Time":"2019-04-16T03:23:56","Situation":"flat","Type":"bid","Price":62.50000000,"Amount":116.57980000,"Done":false},{"Time":"2019-04-16T03:28:58","Situation":"flat","Type":"bid","Price":67.00000000,"Amount":364.72657000,"Done":false},{"Time":"2019-04-16T03:28:58","Situation":"flat","Type":"bid","Price":66.81000000,"Amount":184.00000000,"Done":false},{"Time":"2019-04-16T03:28:58","Situation":"flat","Type":"bid","Price":66.03000000,"Amount":111.51115000,"Done":false},{"Time":"2019-04-16T03:28:58","Situation":"flat","Type":"bid","Price":63.20000000,"Amount":104.07245000,"Done":false},{"Time":"2019-04-16T03:28:58","Situation":"flat","Type":"bid","Price":62.50000000,"Amount":116.57980000,"Done":false},{"Time":"2019-04-16T03:33:59","Situation":"flat","Type":"bid","Price":67.00000000,"Amount":364.72657000,"Done":false},{"Time":"2019-04-16T03:33:59","Situation":"flat","Type":"bid","Price":66.98000000,"Amount":109.71932000,"Done":false},{"Time":"2019-04-16T03:33:59","Situation":"flat","Type":"bid","Price":66.81000000,"Amount":184.00000000,"Done":false},{"Time":"2019-04-16T03:33:59","Situation":"flat","Type":"bid","Price":66.05000000,"Amount":111.47738000,"Done":false},{"Time":"2019-04-16T03:33:59","Situation":"flat","Type":"bid","Price":63.20000000,"Amount":104.07245000,"Done":false},{"Time":"2019-04-16T03:33:59","Situation":"flat","Type":"bid","Price":62.50000000,"Amount":116.57980000,"Done":false},{"Time":"2019-04-16T03:39:05","Situation":"flat","Type":"bid","Price":67.00000000,"Amount":364.72657000,"Done":false},{"Time":"2019-04-16T03:39:05","Situation":"flat","Type":"bid","Price":66.81000000,"Amount":184.00000000,"Done":false},{"Time":"2019-04-16T03:39:05","Situation":"flat","Type":"bid","Price":66.05000000,"Amount":111.47738000,"Done":false},{"Time":"2019-04-16T03:39:05","Situation":"flat","Type":"bid","Price":63.20000000,"Amount":104.07245000,"Done":false},{"Time":"2019-04-16T03:39:05","Situation":"flat","Type":"bid","Price":62.50000000,"Amount":116.57980000,"Done":false},{"Time":"2019-04-16T03:39:05","Situation":"flat","Type":"bid","Price":61.00000000,"Amount":159.23358000,"Done":false},{"Time":"2019-04-16T03:44:06","Situation":"flat","Type":"bid","Price":66.81000000,"Amount":184.00000000,"Done":false},{"Time":"2019-04-16T03:44:06","Situation":"flat","Type":"bid","Price":66.07000000,"Amount":111.44363000,"Done":false},{"Time":"2019-04-16T03:44:06","Situation":"flat","Type":"bid","Price":63.20000000,"Amount":104.07245000,"Done":false},{"Time":"2019-04-16T03:44:06","Situation":"flat","Type":"bid","Price":62.50000000,"Amount":116.57980000,"Done":false},{"Time":"2019-04-16T03:44:06","Situation":"flat","Type":"bid","Price":61.00000000,"Amount":159.23358000,"Done":false},{"Time":"2019-04-16T03:49:10","Situation":"flat","Type":"bid","Price":66.81000000,"Amount":184.00000000,"Done":false},{"Time":"2019-04-16T03:49:10","Situation":"flat","Type":"bid","Price":65.67000000,"Amount":107.14599000,"Done":false},{"Time":"2019-04-16T03:49:10","Situation":"flat","Type":"bid","Price":63.20000000,"Amount":104.07245000,"Done":false},{"Time":"2019-04-16T03:49:10","Situation":"flat","Type":"bid","Price":62.50000000,"Amount":116.57980000,"Done":false},{"Time":"2019-04-16T03:49:10","Situation":"flat","Type":"bid","Price":61.00000000,"Amount":159.23358000,"Done":false},{"Time":"2019-04-16T03:54:14","Situation":"flat","Type":"bid","Price":66.81000000,"Amount":184.00000000,"Done":false},{"Time":"2019-04-16T03:54:14","Situation":"flat","Type":"bid","Price":66.02000000,"Amount":111.54138000,"Done":false},{"Time":"2019-04-16T03:54:14","Situation":"flat","Type":"bid","Price":63.20000000,"Amount":104.07245000,"Done":false},{"Time":"2019-04-16T03:54:14","Situation":"flat","Type":"bid","Price":62.50000000,"Amount":116.57980000,"Done":false},{"Time":"2019-04-16T03:54:14","Situation":"flat","Type":"bid","Price":61.00000000,"Amount":159.23358000,"Done":false},{"Time":"2019-04-16T03:59:15","Situation":"flat","Type":"bid","Price":66.81000000,"Amount":184.00000000,"Done":false},{"Time":"2019-04-16T03:59:15","Situation":"flat","Type":"bid","Price":66.02000000,"Amount":111.54138000,"Done":false},{"Time":"2019-04-16T03:59:15","Situation":"flat","Type":"bid","Price":63.20000000,"Amount":104.07245000,"Done":false},{"Time":"2019-04-16T03:59:15","Situation":"flat","Type":"bid","Price":62.50000000,"Amount":116.57980000,"Done":false},{"Time":"2019-04-16T03:59:15","Situation":"flat","Type":"bid","Price":61.00000000,"Amount":159.23358000,"Done":false},{"Time":"2019-04-16T04:04:18","Situation":"flat","Type":"bid","Price":66.81000000,"Amount":184.00000000,"Done":false},{"Time":"2019-04-16T04:04:18","Situation":"flat","Type":"bid","Price":66.02000000,"Amount":111.54138000,"Done":false},{"Time":"2019-04-16T04:04:18","Situation":"flat","Type":"bid","Price":63.20000000,"Amount":104.07245000,"Done":false},{"Time":"2019-04-16T04:04:18","Situation":"flat","Type":"bid","Price":62.50000000,"Amount":116.57980000,"Done":false},{"Time":"2019-04-16T04:04:18","Situation":"flat","Type":"bid","Price":61.00000000,"Amount":159.23358000,"Done":false},{"Time":"2019-04-16T04:09:18","Situation":"flat","Type":"bid","Price":66.81000000,"Amount":184.00000000,"Done":false},{"Time":"2019-04-16T04:09:18","Situation":"flat","Type":"bid","Price":66.02000000,"Amount":111.54138000,"Done":false},{"Time":"2019-04-16T04:09:18","Situation":"flat","Type":"bid","Price":63.20000000,"Amount":104.07245000,"Done":false},{"Time":"2019-04-16T04:09:18","Situation":"flat","Type":"bid","Price":62.50000000,"Amount":116.57980000,"Done":false},{"Time":"2019-04-16T04:09:18","Situation":"flat","Type":"bid","Price":61.00000000,"Amount":159.23358000,"Done":false},{"Time":"2019-04-16T04:14:20","Situation":"flat","Type":"bid","Price":66.81000000,"Amount":184.00000000,"Done":false},{"Time":"2019-04-16T04:14:20","Situation":"flat","Type":"bid","Price":66.02000000,"Amount":111.54138000,"Done":false},{"Time":"2019-04-16T04:14:20","Situation":"flat","Type":"bid","Price":63.20000000,"Amount":104.07245000,"Done":false},{"Time":"2019-04-16T04:14:20","Situation":"flat","Type":"bid","Price":62.50000000,"Amount":116.57980000,"Done":false},{"Time":"2019-04-16T04:14:20","Situation":"flat","Type":"bid","Price":61.00000000,"Amount":159.23358000,"Done":false},{"Time":"2019-04-16T04:19:24","Situation":"flat","Type":"bid","Price":66.81000000,"Amount":184.00000000,"Done":false},{"Time":"2019-04-16T04:19:24","Situation":"flat","Type":"bid","Price":65.92000000,"Amount":111.71059000,"Done":false},{"Time":"2019-04-16T04:19:24","Situation":"flat","Type":"bid","Price":63.20000000,"Amount":104.07245000,"Done":false},{"Time":"2019-04-16T04:19:24","Situation":"flat","Type":"bid","Price":62.50000000,"Amount":116.57980000,"Done":false},{"Time":"2019-04-16T04:19:24","Situation":"flat","Type":"bid","Price":61.00000000,"Amount":159.23358000,"Done":false},{"Time":"2019-04-16T04:24:26","Situation":"flat","Type":"bid","Price":66.81000000,"Amount":184.00000000,"Done":false},{"Time":"2019-04-16T04:24:26","Situation":"flat","Type":"bid","Price":65.94000000,"Amount":111.67670000,"Done":false},{"Time":"2019-04-16T04:24:26","Situation":"flat","Type":"bid","Price":63.20000000,"Amount":104.07245000,"Done":false},{"Time":"2019-04-16T04:24:26","Situation":"flat","Type":"bid","Price":62.50000000,"Amount":116.57980000,"Done":false},{"Time":"2019-04-16T04:29:29","Situation":"flat","Type":"bid","Price":66.81000000,"Amount":184.00000000,"Done":false},{"Time":"2019-04-16T04:29:29","Situation":"flat","Type":"bid","Price":66.00000000,"Amount":112.72670000,"Done":false},{"Time":"2019-04-16T04:29:29","Situation":"flat","Type":"bid","Price":63.20000000,"Amount":104.07245000,"Done":false},{"Time":"2019-04-16T04:29:29","Situation":"flat","Type":"bid","Price":62.50000000,"Amount":116.57980000,"Done":false},{"Time":"2019-04-16T04:29:29","Situation":"flat","Type":"bid","Price":61.00000000,"Amount":159.23358000,"Done":false},{"Time":"2019-04-16T04:34:30","Situation":"flat","Type":"bid","Price":66.81000000,"Amount":184.00000000,"Done":false},{"Time":"2019-04-16T04:34:30","Situation":"flat","Type":"bid","Price":66.18000000,"Amount":111.27171000,"Done":false},{"Time":"2019-04-16T04:34:30","Situation":"flat","Type":"bid","Price":63.20000000,"Amount":104.07245000,"Done":false},{"Time":"2019-04-16T04:34:30","Situation":"flat","Type":"bid","Price":62.50000000,"Amount":116.57980000,"Done":false},{"Time":"2019-04-16T04:34:30","Situation":"flat","Type":"bid","Price":61.00000000,"Amount":159.23358000,"Done":false},{"Time":"2019-04-16T04:39:33","Situation":"flat","Type":"bid","Price":66.99000000,"Amount":184.23466000,"Done":false},{"Time":"2019-04-16T04:39:33","Situation":"flat","Type":"bid","Price":66.23000000,"Amount":111.18771000,"Done":false},{"Time":"2019-04-16T04:39:33","Situation":"flat","Type":"bid","Price":63.20000000,"Amount":104.07245000,"Done":false},{"Time":"2019-04-16T04:39:33","Situation":"flat","Type":"bid","Price":62.50000000,"Amount":116.57980000,"Done":false},{"Time":"2019-04-16T04:39:33","Situation":"flat","Type":"bid","Price":61.00000000,"Amount":159.23358000,"Done":false},{"Time":"2019-04-16T04:44:33","Situation":"flat","Type":"bid","Price":66.99000000,"Amount":184.23466000,"Done":false},{"Time":"2019-04-16T04:44:33","Situation":"flat","Type":"bid","Price":66.23000000,"Amount":111.18771000,"Done":false},{"Time":"2019-04-16T04:44:33","Situation":"flat","Type":"bid","Price":63.20000000,"Amount":104.07245000,"Done":false},{"Time":"2019-04-16T04:44:33","Situation":"flat","Type":"bid","Price":62.50000000,"Amount":116.57980000,"Done":false},{"Time":"2019-04-16T04:49:34","Situation":"flat","Type":"bid","Price":66.99000000,"Amount":184.23466000,"Done":false},{"Time":"2019-04-16T04:49:34","Situation":"flat","Type":"bid","Price":66.24000000,"Amount":111.17092000,"Done":false},{"Time":"2019-04-16T04:49:34","Situation":"flat","Type":"bid","Price":63.20000000,"Amount":104.07245000,"Done":false},{"Time":"2019-04-16T04:49:34","Situation":"flat","Type":"bid","Price":62.50000000,"Amount":116.57980000,"Done":false},{"Time":"2019-04-16T04:49:34","Situation":"flat","Type":"bid","Price":61.00000000,"Amount":159.23358000,"Done":false},{"Time":"2019-04-16T04:54:35","Situation":"flat","Type":"bid","Price":66.99000000,"Amount":184.23466000,"Done":false},{"Time":"2019-04-16T04:54:35","Situation":"flat","Type":"bid","Price":66.24000000,"Amount":111.17092000,"Done":false},{"Time":"2019-04-16T04:54:35","Situation":"flat","Type":"bid","Price":63.20000000,"Amount":104.07245000,"Done":false},{"Time":"2019-04-16T04:54:35","Situation":"flat","Type":"bid","Price":62.50000000,"Amount":116.57980000,"Done":false},{"Time":"2019-04-16T04:54:35","Situation":"flat","Type":"bid","Price":61.00000000,"Amount":159.23358000,"Done":false},{"Time":"2019-04-16T04:59:38","Situation":"flat","Type":"bid","Price":66.99000000,"Amount":184.23466000,"Done":false},{"Time":"2019-04-16T04:59:38","Situation":"flat","Type":"bid","Price":66.24000000,"Amount":111.17092000,"Done":false},{"Time":"2019-04-16T04:59:38","Situation":"flat","Type":"bid","Price":63.20000000,"Amount":104.07245000,"Done":false},{"Time":"2019-04-16T04:59:38","Situation":"flat","Type":"bid","Price":62.50000000,"Amount":116.57980000,"Done":false},{"Time":"2019-04-16T04:59:38","Situation":"flat","Type":"bid","Price":61.00000000,"Amount":159.23358000,"Done":false},{"Time":"2019-04-16T05:04:39","Situation":"flat","Type":"bid","Price":66.99000000,"Amount":184.23466000,"Done":false},{"Time":"2019-04-16T05:04:39","Situation":"flat","Type":"bid","Price":66.13000000,"Amount":111.35584000,"Done":false},{"Time":"2019-04-16T05:04:39","Situation":"flat","Type":"bid","Price":63.20000000,"Amount":104.07245000,"Done":false},{"Time":"2019-04-16T05:04:39","Situation":"flat","Type":"bid","Price":62.50000000,"Amount":116.57980000,"Done":false},{"Time":"2019-04-16T05:04:39","Situation":"flat","Type":"bid","Price":61.00000000,"Amount":159.23358000,"Done":false},{"Time":"2019-04-16T05:09:39","Situation":"flat","Type":"bid","Price":66.99000000,"Amount":184.23466000,"Done":false},{"Time":"2019-04-16T05:09:39","Situation":"flat","Type":"bid","Price":66.11000000,"Amount":111.38953000,"Done":false},{"Time":"2019-04-16T05:09:39","Situation":"flat","Type":"bid","Price":63.20000000,"Amount":104.07245000,"Done":false},{"Time":"2019-04-16T05:09:39","Situation":"flat","Type":"bid","Price":62.50000000,"Amount":116.57980000,"Done":false},{"Time":"2019-04-16T05:14:40","Situation":"flat","Type":"bid","Price":66.99000000,"Amount":184.23466000,"Done":false},{"Time":"2019-04-16T05:14:40","Situation":"flat","Type":"bid","Price":66.11000000,"Amount":111.38953000,"Done":false},{"Time":"2019-04-16T05:14:40","Situation":"flat","Type":"bid","Price":63.20000000,"Amount":104.07245000,"Done":false},{"Time":"2019-04-16T05:14:40","Situation":"flat","Type":"bid","Price":62.50000000,"Amount":116.57980000,"Done":false},{"Time":"2019-04-16T05:14:40","Situation":"flat","Type":"bid","Price":61.00000000,"Amount":159.23358000,"Done":false},{"Time":"2019-04-16T05:19:41","Situation":"flat","Type":"bid","Price":66.99000000,"Amount":184.23466000,"Done":false},{"Time":"2019-04-16T05:19:41","Situation":"flat","Type":"bid","Price":66.11000000,"Amount":111.38953000,"Done":false},{"Time":"2019-04-16T05:19:41","Situation":"flat","Type":"bid","Price":63.20000000,"Amount":104.07245000,"Done":false},{"Time":"2019-04-16T05:19:41","Situation":"flat","Type":"bid","Price":62.50000000,"Amount":116.57980000,"Done":false},{"Time":"2019-04-16T05:19:41","Situation":"flat","Type":"bid","Price":61.00000000,"Amount":159.23358000,"Done":false},{"Time":"2019-04-16T05:24:44","Situation":"flat","Type":"bid","Price":66.99000000,"Amount":184.23466000,"Done":false},{"Time":"2019-04-16T05:24:44","Situation":"flat","Type":"bid","Price":66.02000000,"Amount":203.54138000,"Done":false},{"Time":"2019-04-16T05:24:44","Situation":"flat","Type":"bid","Price":63.20000000,"Amount":104.07245000,"Done":false},{"Time":"2019-04-16T05:24:44","Situation":"flat","Type":"bid","Price":62.50000000,"Amount":116.57980000,"Done":false},{"Time":"2019-04-16T05:24:44","Situation":"flat","Type":"bid","Price":61.00000000,"Amount":159.23358000,"Done":false},{"Time":"2019-04-16T05:29:45","Situation":"flat","Type":"bid","Price":67.17000000,"Amount":184.00000000,"Done":false},{"Time":"2019-04-16T05:29:45","Situation":"flat","Type":"bid","Price":66.28000000,"Amount":111.10383000,"Done":false},{"Time":"2019-04-16T05:29:45","Situation":"flat","Type":"bid","Price":63.20000000,"Amount":104.07245000,"Done":false},{"Time":"2019-04-16T05:29:45","Situation":"flat","Type":"bid","Price":62.50000000,"Amount":116.57980000,"Done":false},{"Time":"2019-04-16T05:34:49","Situation":"flat","Type":"bid","Price":67.43000000,"Amount":125.00000000,"Done":false},{"Time":"2019-04-16T05:34:49","Situation":"flat","Type":"bid","Price":67.39000000,"Amount":132.47395000,"Done":false},{"Time":"2019-04-16T05:34:49","Situation":"flat","Type":"bid","Price":67.17000000,"Amount":184.00000000,"Done":false},{"Time":"2019-04-16T05:34:49","Situation":"flat","Type":"bid","Price":66.31000000,"Amount":111.05356000,"Done":false},{"Time":"2019-04-16T05:34:49","Situation":"flat","Type":"bid","Price":63.20000000,"Amount":104.07245000,"Done":false},{"Time":"2019-04-16T05:34:49","Situation":"flat","Type":"bid","Price":62.50000000,"Amount":116.57980000,"Done":false},{"Time":"2019-04-16T05:39:51","Situation":"flat","Type":"bid","Price":67.43000000,"Amount":146.22452000,"Done":false},{"Time":"2019-04-16T05:39:51","Situation":"flat","Type":"bid","Price":67.39000000,"Amount":123.11796000,"Done":false},{"Time":"2019-04-16T05:39:51","Situation":"flat","Type":"bid","Price":67.17000000,"Amount":184.00000000,"Done":false},{"Time":"2019-04-16T05:39:51","Situation":"flat","Type":"bid","Price":66.31000000,"Amount":111.05356000,"Done":false},{"Time":"2019-04-16T05:39:51","Situation":"flat","Type":"bid","Price":63.20000000,"Amount":104.07245000,"Done":false},{"Time":"2019-04-16T05:39:51","Situation":"flat","Type":"bid","Price":62.50000000,"Amount":116.57980000,"Done":false},{"Time":"2019-04-16T05:44:55","Situation":"flat","Type":"bid","Price":67.17000000,"Amount":184.00000000,"Done":false},{"Time":"2019-04-16T05:44:55","Situation":"flat","Type":"bid","Price":66.32000000,"Amount":111.03682000,"Done":false},{"Time":"2019-04-16T05:44:55","Situation":"flat","Type":"bid","Price":63.20000000,"Amount":104.07245000,"Done":false},{"Time":"2019-04-16T05:44:55","Situation":"flat","Type":"bid","Price":62.50000000,"Amount":116.57980000,"Done":false},{"Time":"2019-04-16T05:49:56","Situation":"flat","Type":"bid","Price":67.17000000,"Amount":184.00000000,"Done":false},{"Time":"2019-04-16T05:49:56","Situation":"flat","Type":"bid","Price":66.27000000,"Amount":111.12059000,"Done":false},{"Time":"2019-04-16T05:49:56","Situation":"flat","Type":"bid","Price":63.20000000,"Amount":104.07245000,"Done":false},{"Time":"2019-04-16T05:49:56","Situation":"flat","Type":"bid","Price":62.50000000,"Amount":116.57980000,"Done":false},{"Time":"2019-04-16T05:55:00","Situation":"flat","Type":"bid","Price":67.17000000,"Amount":184.00000000,"Done":false},{"Time":"2019-04-16T05:55:00","Situation":"flat","Type":"bid","Price":66.77000000,"Amount":107.10009000,"Done":false},{"Time":"2019-04-16T05:55:00","Situation":"flat","Type":"bid","Price":66.26000000,"Amount":111.13736000,"Done":false},{"Time":"2019-04-16T05:55:00","Situation":"flat","Type":"bid","Price":63.20000000,"Amount":104.07245000,"Done":false},{"Time":"2019-04-16T05:55:00","Situation":"flat","Type":"bid","Price":62.50000000,"Amount":116.57980000,"Done":false},{"Time":"2019-04-16T05:55:00","Situation":"flat","Type":"bid","Price":61.00000000,"Amount":159.23358000,"Done":false},{"Time":"2019-04-16T06:00:00","Situation":"flat","Type":"bid","Price":67.45000000,"Amount":110.00000000,"Done":false},{"Time":"2019-04-16T06:00:00","Situation":"flat","Type":"bid","Price":67.17000000,"Amount":184.00000000,"Done":false},{"Time":"2019-04-16T06:00:00","Situation":"flat","Type":"bid","Price":66.28000000,"Amount":111.10383000,"Done":false},{"Time":"2019-04-16T06:00:00","Situation":"flat","Type":"bid","Price":63.20000000,"Amount":104.07245000,"Done":false},{"Time":"2019-04-16T06:00:00","Situation":"flat","Type":"bid","Price":62.50000000,"Amount":116.57980000,"Done":false},{"Time":"2019-04-16T06:05:06","Situation":"flat","Type":"bid","Price":67.45000000,"Amount":110.00000000,"Done":false},{"Time":"2019-04-16T06:05:06","Situation":"flat","Type":"bid","Price":67.17000000,"Amount":184.00000000,"Done":false},{"Time":"2019-04-16T06:05:06","Situation":"flat","Type":"bid","Price":66.32000000,"Amount":111.03682000,"Done":false},{"Time":"2019-04-16T06:05:06","Situation":"flat","Type":"bid","Price":63.20000000,"Amount":104.07245000,"Done":false},{"Time":"2019-04-16T06:05:06","Situation":"flat","Type":"bid","Price":62.50000000,"Amount":116.57980000,"Done":false},{"Time":"2019-04-16T06:05:06","Situation":"flat","Type":"bid","Price":61.00000000,"Amount":159.23358000,"Done":false},{"Time":"2019-04-16T06:10:09","Situation":"flat","Type":"bid","Price":67.45000000,"Amount":110.00000000,"Done":false},{"Time":"2019-04-16T06:10:09","Situation":"flat","Type":"bid","Price":67.17000000,"Amount":184.00000000,"Done":false},{"Time":"2019-04-16T06:10:09","Situation":"flat","Type":"bid","Price":65.98000000,"Amount":111.05663000,"Done":false},{"Time":"2019-04-16T06:10:09","Situation":"flat","Type":"bid","Price":63.20000000,"Amount":104.07245000,"Done":false},{"Time":"2019-04-16T06:10:09","Situation":"flat","Type":"bid","Price":62.50000000,"Amount":116.57980000,"Done":false},{"Time":"2019-04-16T06:10:09","Situation":"flat","Type":"bid","Price":61.00000000,"Amount":159.23358000,"Done":false},{"Time":"2019-04-16T06:15:13","Situation":"flat","Type":"bid","Price":67.45000000,"Amount":110.00000000,"Done":false},{"Time":"2019-04-16T06:15:13","Situation":"flat","Type":"bid","Price":67.17000000,"Amount":184.00000000,"Done":false},{"Time":"2019-04-16T06:15:13","Situation":"flat","Type":"bid","Price":65.97000000,"Amount":111.08223000,"Done":false},{"Time":"2019-04-16T06:15:13","Situation":"flat","Type":"bid","Price":63.20000000,"Amount":104.07245000,"Done":false},{"Time":"2019-04-16T06:15:13","Situation":"flat","Type":"bid","Price":62.50000000,"Amount":116.57980000,"Done":false},{"Time":"2019-04-16T06:15:13","Situation":"flat","Type":"bid","Price":61.00000000,"Amount":159.23358000,"Done":false},{"Time":"2019-04-16T06:20:15","Situation":"flat","Type":"bid","Price":67.37000000,"Amount":184.16771000,"Done":false},{"Time":"2019-04-16T06:20:15","Situation":"flat","Type":"bid","Price":66.44000000,"Amount":110.29643000,"Done":false},{"Time":"2019-04-16T06:20:15","Situation":"flat","Type":"bid","Price":63.20000000,"Amount":104.07245000,"Done":false},{"Time":"2019-04-16T06:20:15","Situation":"flat","Type":"bid","Price":62.50000000,"Amount":116.57980000,"Done":false},{"Time":"2019-04-16T06:20:15","Situation":"flat","Type":"bid","Price":61.00000000,"Amount":159.23358000,"Done":false},{"Time":"2019-04-16T06:25:18","Situation":"flat","Type":"bid","Price":67.37000000,"Amount":184.16771000,"Done":false},{"Time":"2019-04-16T06:25:18","Situation":"flat","Type":"bid","Price":66.46000000,"Amount":110.26323000,"Done":false},{"Time":"2019-04-16T06:25:18","Situation":"flat","Type":"bid","Price":63.20000000,"Amount":104.07245000,"Done":false},{"Time":"2019-04-16T06:25:18","Situation":"flat","Type":"bid","Price":62.50000000,"Amount":116.57980000,"Done":false},{"Time":"2019-04-16T06:25:18","Situation":"flat","Type":"bid","Price":61.00000000,"Amount":159.23358000,"Done":false},{"Time":"2019-04-16T06:30:22","Situation":"flat","Type":"bid","Price":67.37000000,"Amount":184.00000000,"Done":false},{"Time":"2019-04-16T06:30:22","Situation":"flat","Type":"bid","Price":66.67000000,"Amount":109.91592000,"Done":false},{"Time":"2019-04-16T06:30:22","Situation":"flat","Type":"bid","Price":63.20000000,"Amount":104.07245000,"Done":false},{"Time":"2019-04-16T06:30:22","Situation":"flat","Type":"bid","Price":62.50000000,"Amount":116.57980000,"Done":false},{"Time":"2019-04-16T06:30:22","Situation":"flat","Type":"bid","Price":61.00000000,"Amount":159.23358000,"Done":false},{"Time":"2019-04-16T06:35:25","Situation":"flat","Type":"bid","Price":67.37000000,"Amount":184.00000000,"Done":false},{"Time":"2019-04-16T06:35:25","Situation":"flat","Type":"bid","Price":66.72000000,"Amount":109.83355000,"Done":false},{"Time":"2019-04-16T06:35:25","Situation":"flat","Type":"bid","Price":63.20000000,"Amount":104.07245000,"Done":false},{"Time":"2019-04-16T06:35:25","Situation":"flat","Type":"bid","Price":62.50000000,"Amount":116.57980000,"Done":false},{"Time":"2019-04-16T06:40:29","Situation":"flat","Type":"bid","Price":67.37000000,"Amount":184.00000000,"Done":false},{"Time":"2019-04-16T06:40:29","Situation":"flat","Type":"bid","Price":66.67000000,"Amount":109.91592000,"Done":false},{"Time":"2019-04-16T06:40:29","Situation":"flat","Type":"bid","Price":63.20000000,"Amount":104.07245000,"Done":false},{"Time":"2019-04-16T06:40:29","Situation":"flat","Type":"bid","Price":62.50000000,"Amount":116.57980000,"Done":false},{"Time":"2019-04-16T06:45:32","Situation":"flat","Type":"bid","Price":67.37000000,"Amount":184.00000000,"Done":false},{"Time":"2019-04-16T06:45:32","Situation":"flat","Type":"bid","Price":66.67000000,"Amount":109.91592000,"Done":false},{"Time":"2019-04-16T06:45:32","Situation":"flat","Type":"bid","Price":63.20000000,"Amount":104.07245000,"Done":false},{"Time":"2019-04-16T06:45:32","Situation":"flat","Type":"bid","Price":62.50000000,"Amount":116.57980000,"Done":false},{"Time":"2019-04-16T06:50:34","Situation":"flat","Type":"bid","Price":67.84000000,"Amount":198.39945000,"Done":false},{"Time":"2019-04-16T06:50:34","Situation":"flat","Type":"bid","Price":67.60000000,"Amount":109.17160000,"Done":false},{"Time":"2019-04-16T06:50:34","Situation":"flat","Type":"bid","Price":67.37000000,"Amount":184.00000000,"Done":false},{"Time":"2019-04-16T06:50:34","Situation":"flat","Type":"bid","Price":66.67000000,"Amount":109.91592000,"Done":false},{"Time":"2019-04-16T06:50:34","Situation":"flat","Type":"bid","Price":63.20000000,"Amount":104.07245000,"Done":false},{"Time":"2019-04-16T06:50:34","Situation":"flat","Type":"bid","Price":62.50000000,"Amount":116.57980000,"Done":false},{"Time":"2019-04-16T06:50:34","Situation":"flat","Type":"bid","Price":61.00000000,"Amount":159.23358000,"Done":false},{"Time":"2019-04-16T06:55:36","Situation":"flat","Type":"bid","Price":67.84000000,"Amount":193.12450000,"Done":false},{"Time":"2019-04-16T06:55:36","Situation":"flat","Type":"bid","Price":67.37000000,"Amount":184.00000000,"Done":false},{"Time":"2019-04-16T06:55:36","Situation":"flat","Type":"bid","Price":66.70000000,"Amount":109.86649000,"Done":false},{"Time":"2019-04-16T06:55:36","Situation":"flat","Type":"bid","Price":63.20000000,"Amount":104.07245000,"Done":false},{"Time":"2019-04-16T06:55:36","Situation":"flat","Type":"bid","Price":62.50000000,"Amount":116.57980000,"Done":false},{"Time":"2019-04-16T06:55:36","Situation":"flat","Type":"bid","Price":61.00000000,"Amount":159.23358000,"Done":false},{"Time":"2019-04-16T07:00:38","Situation":"flat","Type":"bid","Price":67.84000000,"Amount":187.79371000,"Done":false},{"Time":"2019-04-16T07:00:38","Situation":"flat","Type":"bid","Price":67.37000000,"Amount":184.00000000,"Done":false},{"Time":"2019-04-16T07:00:38","Situation":"flat","Type":"bid","Price":66.72000000,"Amount":109.83355000,"Done":false},{"Time":"2019-04-16T07:00:38","Situation":"flat","Type":"bid","Price":63.20000000,"Amount":104.07245000,"Done":false},{"Time":"2019-04-16T07:00:38","Situation":"flat","Type":"bid","Price":62.50000000,"Amount":116.57980000,"Done":false},{"Time":"2019-04-16T07:05:41","Situation":"flat","Type":"bid","Price":67.84000000,"Amount":187.79371000,"Done":false},{"Time":"2019-04-16T07:05:41","Situation":"flat","Type":"bid","Price":67.78000000,"Amount":109.01446000,"Done":false},{"Time":"2019-04-16T07:05:41","Situation":"flat","Type":"bid","Price":67.64000000,"Amount":184.00000000,"Done":false},{"Time":"2019-04-16T07:05:41","Situation":"flat","Type":"bid","Price":66.76000000,"Amount":109.76774000,"Done":false},{"Time":"2019-04-16T07:05:41","Situation":"flat","Type":"bid","Price":63.20000000,"Amount":104.07245000,"Done":false},{"Time":"2019-04-16T07:05:41","Situation":"flat","Type":"bid","Price":62.50000000,"Amount":116.57980000,"Done":false},{"Time":"2019-04-16T07:05:41","Situation":"flat","Type":"bid","Price":61.00000000,"Amount":159.23358000,"Done":false},{"Time":"2019-04-16T07:10:41","Situation":"flat","Type":"bid","Price":67.84000000,"Amount":187.79371000,"Done":false},{"Time":"2019-04-16T07:10:41","Situation":"flat","Type":"bid","Price":67.64000000,"Amount":184.00000000,"Done":false},{"Time":"2019-04-16T07:10:41","Situation":"flat","Type":"bid","Price":66.75000000,"Amount":109.78419000,"Done":false},{"Time":"2019-04-16T07:10:41","Situation":"flat","Type":"bid","Price":63.20000000,"Amount":104.07245000,"Done":false},{"Time":"2019-04-16T07:10:41","Situation":"flat","Type":"bid","Price":62.50000000,"Amount":116.57980000,"Done":false},{"Time":"2019-04-16T07:15:41","Situation":"flat","Type":"bid","Price":67.84000000,"Amount":187.79371000,"Done":false},{"Time":"2019-04-16T07:15:41","Situation":"flat","Type":"bid","Price":67.64000000,"Amount":184.00000000,"Done":false},{"Time":"2019-04-16T07:15:41","Situation":"flat","Type":"bid","Price":66.82000000,"Amount":109.66918000,"Done":false},{"Time":"2019-04-16T07:15:41","Situation":"flat","Type":"bid","Price":63.20000000,"Amount":104.07245000,"Done":false},{"Time":"2019-04-16T07:15:41","Situation":"flat","Type":"bid","Price":62.50000000,"Amount":116.57980000,"Done":false},{"Time":"2019-04-16T07:15:41","Situation":"flat","Type":"bid","Price":61.00000000,"Amount":159.23358000,"Done":false},{"Time":"2019-04-16T07:20:44","Situation":"flat","Type":"bid","Price":67.84000000,"Amount":187.79371000,"Done":false},{"Time":"2019-04-16T07:20:44","Situation":"flat","Type":"bid","Price":67.64000000,"Amount":245.88090000,"Done":false},{"Time":"2019-04-16T07:20:44","Situation":"flat","Type":"bid","Price":66.84000000,"Amount":109.63636000,"Done":false},{"Time":"2019-04-16T07:20:44","Situation":"flat","Type":"bid","Price":63.20000000,"Amount":104.07245000,"Done":false},{"Time":"2019-04-16T07:20:44","Situation":"flat","Type":"bid","Price":62.50000000,"Amount":116.57980000,"Done":false},{"Time":"2019-04-16T07:25:48","Situation":"flat","Type":"bid","Price":67.64000000,"Amount":186.74430000,"Done":false},{"Time":"2019-04-16T07:25:48","Situation":"flat","Type":"bid","Price":66.88000000,"Amount":109.57079000,"Done":false},{"Time":"2019-04-16T07:25:48","Situation":"flat","Type":"bid","Price":63.20000000,"Amount":104.07245000,"Done":false},{"Time":"2019-04-16T07:25:48","Situation":"flat","Type":"bid","Price":62.50000000,"Amount":116.57980000,"Done":false},{"Time":"2019-04-16T07:30:51","Situation":"flat","Type":"bid","Price":67.64000000,"Amount":184.00000000,"Done":false},{"Time":"2019-04-16T07:30:51","Situation":"flat","Type":"bid","Price":66.77000000,"Amount":109.75130000,"Done":false},{"Time":"2019-04-16T07:30:51","Situation":"flat","Type":"bid","Price":63.20000000,"Amount":104.07245000,"Done":false},{"Time":"2019-04-16T07:30:51","Situation":"flat","Type":"bid","Price":62.50000000,"Amount":116.57980000,"Done":false},{"Time":"2019-04-16T07:30:51","Situation":"flat","Type":"bid","Price":61.00000000,"Amount":159.23358000,"Done":false},{"Time":"2019-04-16T07:35:52","Situation":"flat","Type":"bid","Price":67.65000000,"Amount":109.12786000,"Done":false},{"Time":"2019-04-16T07:35:52","Situation":"flat","Type":"bid","Price":67.45000000,"Amount":184.00000000,"Done":false},{"Time":"2019-04-16T07:35:52","Situation":"flat","Type":"bid","Price":66.68000000,"Amount":109.89944000,"Done":false},{"Time":"2019-04-16T07:35:52","Situation":"flat","Type":"bid","Price":63.20000000,"Amount":104.07245000,"Done":false},{"Time":"2019-04-16T07:35:52","Situation":"flat","Type":"bid","Price":62.50000000,"Amount":116.57980000,"Done":false},{"Time":"2019-04-16T07:40:56","Situation":"flat","Type":"bid","Price":67.45000000,"Amount":184.00000000,"Done":false},{"Time":"2019-04-16T07:40:56","Situation":"flat","Type":"bid","Price":66.57000000,"Amount":110.08104000,"Done":false},{"Time":"2019-04-16T07:40:56","Situation":"flat","Type":"bid","Price":63.20000000,"Amount":104.07245000,"Done":false},{"Time":"2019-04-16T07:40:56","Situation":"flat","Type":"bid","Price":62.50000000,"Amount":116.57980000,"Done":false},{"Time":"2019-04-16T07:45:56","Situation":"flat","Type":"bid","Price":67.45000000,"Amount":184.00000000,"Done":false},{"Time":"2019-04-16T07:45:56","Situation":"flat","Type":"bid","Price":66.67000000,"Amount":109.91592000,"Done":false},{"Time":"2019-04-16T07:45:56","Situation":"flat","Type":"bid","Price":63.20000000,"Amount":104.07245000,"Done":false},{"Time":"2019-04-16T07:45:56","Situation":"flat","Type":"bid","Price":62.50000000,"Amount":116.57980000,"Done":false},{"Time":"2019-04-16T07:50:59","Situation":"flat","Type":"bid","Price":67.45000000,"Amount":184.00000000,"Done":false},{"Time":"2019-04-16T07:50:59","Situation":"flat","Type":"bid","Price":66.65000000,"Amount":109.94891000,"Done":false},{"Time":"2019-04-16T07:50:59","Situation":"flat","Type":"bid","Price":63.20000000,"Amount":104.07245000,"Done":false},{"Time":"2019-04-16T07:50:59","Situation":"flat","Type":"bid","Price":62.50000000,"Amount":116.57980000,"Done":false},{"Time":"2019-04-16T07:56:05","Situation":"flat","Type":"bid","Price":67.70000000,"Amount":115.99038000,"Done":false},{"Time":"2019-04-16T07:56:05","Situation":"flat","Type":"bid","Price":67.45000000,"Amount":184.00000000,"Done":false},{"Time":"2019-04-16T07:56:05","Situation":"flat","Type":"bid","Price":66.66000000,"Amount":109.93241000,"Done":false},{"Time":"2019-04-16T07:56:05","Situation":"flat","Type":"bid","Price":63.20000000,"Amount":104.07245000,"Done":false},{"Time":"2019-04-16T07:56:05","Situation":"flat","Type":"bid","Price":62.50000000,"Amount":116.57980000,"Done":false},{"Time":"2019-04-16T08:01:09","Situation":"flat","Type":"bid","Price":67.70000000,"Amount":109.08419000,"Done":false},{"Time":"2019-04-16T08:01:09","Situation":"flat","Type":"bid","Price":67.45000000,"Amount":184.67043000,"Done":false},{"Time":"2019-04-16T08:01:09","Situation":"flat","Type":"bid","Price":66.80000000,"Amount":109.70201000,"Done":false},{"Time":"2019-04-16T08:01:09","Situation":"flat","Type":"bid","Price":63.20000000,"Amount":104.07245000,"Done":false},{"Time":"2019-04-16T08:01:09","Situation":"flat","Type":"bid","Price":62.50000000,"Amount":116.57980000,"Done":false},{"Time":"2019-04-16T08:01:09","Situation":"flat","Type":"bid","Price":61.00000000,"Amount":159.23358000,"Done":false},{"Time":"2019-04-16T08:06:13","Situation":"flat","Type":"bid","Price":67.64000000,"Amount":184.00000000,"Done":false},{"Time":"2019-04-16T08:06:13","Situation":"flat","Type":"bid","Price":66.80000000,"Amount":109.70201000,"Done":false},{"Time":"2019-04-16T08:06:13","Situation":"flat","Type":"bid","Price":63.20000000,"Amount":104.07245000,"Done":false},{"Time":"2019-04-16T08:06:13","Situation":"flat","Type":"bid","Price":62.50000000,"Amount":116.57980000,"Done":false},{"Time":"2019-04-16T08:06:13","Situation":"flat","Type":"bid","Price":61.00000000,"Amount":159.23358000,"Done":false},{"Time":"2019-04-16T08:11:13","Situation":"flat","Type":"bid","Price":67.64000000,"Amount":184.00000000,"Done":false},{"Time":"2019-04-16T08:11:13","Situation":"flat","Type":"bid","Price":66.80000000,"Amount":109.91494000,"Done":false},{"Time":"2019-04-16T08:11:13","Situation":"flat","Type":"bid","Price":63.20000000,"Amount":104.07245000,"Done":false},{"Time":"2019-04-16T08:11:13","Situation":"flat","Type":"bid","Price":62.50000000,"Amount":116.57980000,"Done":false},{"Time":"2019-04-16T08:16:16","Situation":"flat","Type":"bid","Price":67.64000000,"Amount":184.00000000,"Done":false},{"Time":"2019-04-16T08:16:16","Situation":"flat","Type":"bid","Price":66.76000000,"Amount":110.28704000,"Done":false},{"Time":"2019-04-16T08:16:16","Situation":"flat","Type":"bid","Price":63.20000000,"Amount":104.07245000,"Done":false},{"Time":"2019-04-16T08:16:16","Situation":"flat","Type":"bid","Price":62.50000000,"Amount":116.57980000,"Done":false},{"Time":"2019-04-16T08:21:19","Situation":"flat","Type":"bid","Price":67.64000000,"Amount":184.00000000,"Done":false},{"Time":"2019-04-16T08:21:19","Situation":"flat","Type":"bid","Price":66.72000000,"Amount":110.35316000,"Done":false},{"Time":"2019-04-16T08:21:19","Situation":"flat","Type":"bid","Price":63.20000000,"Amount":104.07245000,"Done":false},{"Time":"2019-04-16T08:21:19","Situation":"flat","Type":"bid","Price":62.50000000,"Amount":116.57980000,"Done":false},{"Time":"2019-04-16T08:26:22","Situation":"flat","Type":"bid","Price":67.64000000,"Amount":184.00000000,"Done":false},{"Time":"2019-04-16T08:26:22","Situation":"flat","Type":"bid","Price":66.80000000,"Amount":110.22100000,"Done":false},{"Time":"2019-04-16T08:26:22","Situation":"flat","Type":"bid","Price":63.20000000,"Amount":104.07245000,"Done":false},{"Time":"2019-04-16T08:26:22","Situation":"flat","Type":"bid","Price":62.50000000,"Amount":116.57980000,"Done":false},{"Time":"2019-04-16T08:26:22","Situation":"flat","Type":"bid","Price":61.00000000,"Amount":159.23358000,"Done":false},{"Time":"2019-04-16T08:31:24","Situation":"flat","Type":"bid","Price":67.64000000,"Amount":184.00000000,"Done":false},{"Time":"2019-04-16T08:31:24","Situation":"flat","Type":"bid","Price":66.85000000,"Amount":110.13856000,"Done":false},{"Time":"2019-04-16T08:31:24","Situation":"flat","Type":"bid","Price":63.20000000,"Amount":104.07245000,"Done":false},{"Time":"2019-04-16T08:31:24","Situation":"flat","Type":"bid","Price":62.50000000,"Amount":116.57980000,"Done":false},{"Time":"2019-04-16T08:36:25","Situation":"flat","Type":"bid","Price":67.64000000,"Amount":184.00000000,"Done":false},{"Time":"2019-04-16T08:36:25","Situation":"flat","Type":"bid","Price":66.89000000,"Amount":110.07270000,"Done":false},{"Time":"2019-04-16T08:36:25","Situation":"flat","Type":"bid","Price":63.20000000,"Amount":104.07245000,"Done":false},{"Time":"2019-04-16T08:36:25","Situation":"flat","Type":"bid","Price":62.50000000,"Amount":116.57980000,"Done":false},{"Time":"2019-04-16T08:36:25","Situation":"flat","Type":"bid","Price":61.00000000,"Amount":159.23358000,"Done":false},{"Time":"2019-04-16T08:41:25","Situation":"flat","Type":"bid","Price":67.84000000,"Amount":184.00000000,"Done":false},{"Time":"2019-04-16T08:41:25","Situation":"flat","Type":"bid","Price":67.04000000,"Amount":109.82642000,"Done":false},{"Time":"2019-04-16T08:41:25","Situation":"flat","Type":"bid","Price":63.20000000,"Amount":104.07245000,"Done":false},{"Time":"2019-04-16T08:41:25","Situation":"flat","Type":"bid","Price":62.50000000,"Amount":116.57980000,"Done":false},{"Time":"2019-04-16T08:41:25","Situation":"flat","Type":"bid","Price":61.00000000,"Amount":159.23358000,"Done":false},{"Time":"2019-04-16T08:46:27","Situation":"flat","Type":"bid","Price":67.84000000,"Amount":184.00000000,"Done":false},{"Time":"2019-04-16T08:46:27","Situation":"flat","Type":"bid","Price":67.02000000,"Amount":109.85919000,"Done":false},{"Time":"2019-04-16T08:46:27","Situation":"flat","Type":"bid","Price":63.20000000,"Amount":104.07245000,"Done":false},{"Time":"2019-04-16T08:46:27","Situation":"flat","Type":"bid","Price":62.50000000,"Amount":116.57980000,"Done":false},{"Time":"2019-04-16T08:46:27","Situation":"flat","Type":"bid","Price":61.00000000,"Amount":159.23358000,"Done":false},{"Time":"2019-04-16T08:51:29","Situation":"flat","Type":"bid","Price":67.84000000,"Amount":184.00000000,"Done":false},{"Time":"2019-04-16T08:51:29","Situation":"flat","Type":"bid","Price":66.97000000,"Amount":109.94121000,"Done":false},{"Time":"2019-04-16T08:51:29","Situation":"flat","Type":"bid","Price":63.20000000,"Amount":104.07245000,"Done":false},{"Time":"2019-04-16T08:51:29","Situation":"flat","Type":"bid","Price":62.50000000,"Amount":116.57980000,"Done":false},{"Time":"2019-04-16T08:51:29","Situation":"flat","Type":"bid","Price":61.00000000,"Amount":159.23358000,"Done":false},{"Time":"2019-04-16T08:56:30","Situation":"flat","Type":"bid","Price":67.64000000,"Amount":243.13660000,"Done":false},{"Time":"2019-04-16T08:56:30","Situation":"flat","Type":"bid","Price":66.97000000,"Amount":109.94121000,"Done":false},{"Time":"2019-04-16T08:56:30","Situation":"flat","Type":"bid","Price":63.20000000,"Amount":104.07245000,"Done":false},{"Time":"2019-04-16T08:56:30","Situation":"flat","Type":"bid","Price":62.50000000,"Amount":116.57980000,"Done":false},{"Time":"2019-04-16T08:56:30","Situation":"flat","Type":"bid","Price":61.00000000,"Amount":159.23358000,"Done":false},{"Time":"2019-04-16T09:01:33","Situation":"flat","Type":"bid","Price":67.64000000,"Amount":184.00000000,"Done":false},{"Time":"2019-04-16T09:01:33","Situation":"flat","Type":"bid","Price":66.97000000,"Amount":109.94121000,"Done":false},{"Time":"2019-04-16T09:01:33","Situation":"flat","Type":"bid","Price":63.20000000,"Amount":104.07245000,"Done":false},{"Time":"2019-04-16T09:01:33","Situation":"flat","Type":"bid","Price":62.50000000,"Amount":116.57980000,"Done":false},{"Time":"2019-04-16T09:01:33","Situation":"flat","Type":"bid","Price":61.00000000,"Amount":159.23358000,"Done":false},{"Time":"2019-04-16T09:06:35","Situation":"flat","Type":"bid","Price":67.64000000,"Amount":184.00000000,"Done":false},{"Time":"2019-04-16T09:06:35","Situation":"flat","Type":"bid","Price":66.99000000,"Amount":110.14305000,"Done":false},{"Time":"2019-04-16T09:06:35","Situation":"flat","Type":"bid","Price":63.20000000,"Amount":104.07245000,"Done":false},{"Time":"2019-04-16T09:06:35","Situation":"flat","Type":"bid","Price":62.50000000,"Amount":116.57980000,"Done":false},{"Time":"2019-04-16T09:06:35","Situation":"flat","Type":"bid","Price":61.00000000,"Amount":159.23358000,"Done":false},{"Time":"2019-04-16T09:11:38","Situation":"flat","Type":"bid","Price":67.82000000,"Amount":184.00000000,"Done":false},{"Time":"2019-04-16T09:11:38","Situation":"flat","Type":"bid","Price":66.97000000,"Amount":109.94121000,"Done":false},{"Time":"2019-04-16T09:11:38","Situation":"flat","Type":"bid","Price":63.20000000,"Amount":104.07245000,"Done":false},{"Time":"2019-04-16T09:11:38","Situation":"flat","Type":"bid","Price":62.50000000,"Amount":116.57980000,"Done":false},{"Time":"2019-04-16T09:11:38","Situation":"flat","Type":"bid","Price":61.00000000,"Amount":159.23358000,"Done":false},{"Time":"2019-04-16T09:16:40","Situation":"flat","Type":"bid","Price":67.82000000,"Amount":184.00000000,"Done":false},{"Time":"2019-04-16T09:16:40","Situation":"flat","Type":"bid","Price":66.97000000,"Amount":109.94121000,"Done":false},{"Time":"2019-04-16T09:16:40","Situation":"flat","Type":"bid","Price":63.20000000,"Amount":104.07245000,"Done":false},{"Time":"2019-04-16T09:16:40","Situation":"flat","Type":"bid","Price":62.50000000,"Amount":116.57980000,"Done":false},{"Time":"2019-04-16T09:16:40","Situation":"flat","Type":"bid","Price":61.00000000,"Amount":159.23358000,"Done":false},{"Time":"2019-04-16T09:21:40","Situation":"flat","Type":"bid","Price":67.82000000,"Amount":184.00000000,"Done":false},{"Time":"2019-04-16T09:21:40","Situation":"flat","Type":"bid","Price":66.99000000,"Amount":110.14305000,"Done":false},{"Time":"2019-04-16T09:21:40","Situation":"flat","Type":"bid","Price":63.20000000,"Amount":104.07245000,"Done":false},{"Time":"2019-04-16T09:21:40","Situation":"flat","Type":"bid","Price":62.50000000,"Amount":116.57980000,"Done":false},{"Time":"2019-04-16T09:21:40","Situation":"flat","Type":"bid","Price":61.00000000,"Amount":159.23358000,"Done":false},{"Time":"2019-04-16T09:26:43","Situation":"flat","Type":"bid","Price":67.82000000,"Amount":184.00000000,"Done":false},{"Time":"2019-04-16T09:26:43","Situation":"flat","Type":"bid","Price":66.98000000,"Amount":109.92480000,"Done":false},{"Time":"2019-04-16T09:26:43","Situation":"flat","Type":"bid","Price":63.20000000,"Amount":104.07245000,"Done":false},{"Time":"2019-04-16T09:26:43","Situation":"flat","Type":"bid","Price":62.50000000,"Amount":116.57980000,"Done":false},{"Time":"2019-04-16T09:26:43","Situation":"flat","Type":"bid","Price":61.00000000,"Amount":159.23358000,"Done":false},{"Time":"2019-04-16T09:31:46","Situation":"flat","Type":"bid","Price":67.82000000,"Amount":184.00000000,"Done":false},{"Time":"2019-04-16T09:31:46","Situation":"flat","Type":"bid","Price":66.97000000,"Amount":109.94121000,"Done":false},{"Time":"2019-04-16T09:31:46","Situation":"flat","Type":"bid","Price":63.20000000,"Amount":104.07245000,"Done":false},{"Time":"2019-04-16T09:31:46","Situation":"flat","Type":"bid","Price":62.50000000,"Amount":116.57980000,"Done":false},{"Time":"2019-04-16T09:31:46","Situation":"flat","Type":"bid","Price":61.00000000,"Amount":159.23358000,"Done":false},{"Time":"2019-04-16T09:36:49","Situation":"flat","Type":"bid","Price":67.82000000,"Amount":184.14745000,"Done":false},{"Time":"2019-04-16T09:36:49","Situation":"flat","Type":"bid","Price":66.98000000,"Amount":109.92480000,"Done":false},{"Time":"2019-04-16T09:36:49","Situation":"flat","Type":"bid","Price":63.20000000,"Amount":104.07245000,"Done":false},{"Time":"2019-04-16T09:36:49","Situation":"flat","Type":"bid","Price":62.50000000,"Amount":116.57980000,"Done":false},{"Time":"2019-04-16T09:36:49","Situation":"flat","Type":"bid","Price":61.00000000,"Amount":159.23358000,"Done":false},{"Time":"2019-04-16T09:41:50","Situation":"flat","Type":"bid","Price":67.82000000,"Amount":184.00000000,"Done":false},{"Time":"2019-04-16T09:41:50","Situation":"flat","Type":"bid","Price":66.98000000,"Amount":109.92480000,"Done":false},{"Time":"2019-04-16T09:41:50","Situation":"flat","Type":"bid","Price":63.20000000,"Amount":104.07245000,"Done":false},{"Time":"2019-04-16T09:41:50","Situation":"flat","Type":"bid","Price":62.50000000,"Amount":116.57980000,"Done":false},{"Time":"2019-04-16T09:41:50","Situation":"flat","Type":"bid","Price":61.00000000,"Amount":159.23358000,"Done":false},{"Time":"2019-04-16T09:46:50","Situation":"flat","Type":"bid","Price":67.64000000,"Amount":184.00000000,"Done":false},{"Time":"2019-04-16T09:46:50","Situation":"flat","Type":"bid","Price":66.84000000,"Amount":110.15504000,"Done":false},{"Time":"2019-04-16T09:46:50","Situation":"flat","Type":"bid","Price":63.20000000,"Amount":104.07245000,"Done":false},{"Time":"2019-04-16T09:46:50","Situation":"flat","Type":"bid","Price":62.50000000,"Amount":116.57980000,"Done":false},{"Time":"2019-04-16T09:46:50","Situation":"flat","Type":"bid","Price":61.00000000,"Amount":159.23358000,"Done":false},{"Time":"2019-04-16T09:51:50","Situation":"flat","Type":"bid","Price":67.64000000,"Amount":184.00000000,"Done":false},{"Time":"2019-04-16T09:51:50","Situation":"flat","Type":"bid","Price":66.84000000,"Amount":110.15504000,"Done":false},{"Time":"2019-04-16T09:51:50","Situation":"flat","Type":"bid","Price":63.20000000,"Amount":104.07245000,"Done":false},{"Time":"2019-04-16T09:51:50","Situation":"flat","Type":"bid","Price":62.50000000,"Amount":116.57980000,"Done":false},{"Time":"2019-04-16T09:51:50","Situation":"flat","Type":"bid","Price":61.00000000,"Amount":159.23358000,"Done":false},{"Time":"2019-04-16T09:56:51","Situation":"flat","Type":"bid","Price":67.64000000,"Amount":184.00000000,"Done":false},{"Time":"2019-04-16T09:56:51","Situation":"flat","Type":"bid","Price":66.85000000,"Amount":110.13856000,"Done":false},{"Time":"2019-04-16T09:56:51","Situation":"flat","Type":"bid","Price":63.20000000,"Amount":104.07245000,"Done":false},{"Time":"2019-04-16T09:56:51","Situation":"flat","Type":"bid","Price":62.50000000,"Amount":116.57980000,"Done":false},{"Time":"2019-04-16T09:56:51","Situation":"flat","Type":"bid","Price":61.00000000,"Amount":159.23358000,"Done":false},{"Time":"2019-04-16T10:01:55","Situation":"flat","Type":"bid","Price":67.64000000,"Amount":184.00000000,"Done":false},{"Time":"2019-04-16T10:01:55","Situation":"flat","Type":"bid","Price":66.84000000,"Amount":110.15504000,"Done":false},{"Time":"2019-04-16T10:01:55","Situation":"flat","Type":"bid","Price":63.20000000,"Amount":104.07245000,"Done":false},{"Time":"2019-04-16T10:01:55","Situation":"flat","Type":"bid","Price":62.50000000,"Amount":116.57980000,"Done":false},{"Time":"2019-04-16T10:01:55","Situation":"flat","Type":"bid","Price":61.00000000,"Amount":159.23358000,"Done":false},{"Time":"2019-04-16T10:06:55","Situation":"flat","Type":"bid","Price":67.64000000,"Amount":243.13661000,"Done":false},{"Time":"2019-04-16T10:06:55","Situation":"flat","Type":"bid","Price":66.71000000,"Amount":202.36970000,"Done":false},{"Time":"2019-04-16T10:06:55","Situation":"flat","Type":"bid","Price":63.20000000,"Amount":104.07245000,"Done":false},{"Time":"2019-04-16T10:06:55","Situation":"flat","Type":"bid","Price":62.50000000,"Amount":116.57980000,"Done":false},{"Time":"2019-04-16T10:06:55","Situation":"flat","Type":"bid","Price":61.00000000,"Amount":159.23358000,"Done":false},{"Time":"2019-04-16T10:11:56","Situation":"flat","Type":"bid","Price":67.42000000,"Amount":184.00000000,"Done":false},{"Time":"2019-04-16T10:11:56","Situation":"flat","Type":"bid","Price":66.67000000,"Amount":110.43592000,"Done":false},{"Time":"2019-04-16T10:11:56","Situation":"flat","Type":"bid","Price":63.20000000,"Amount":104.07245000,"Done":false},{"Time":"2019-04-16T10:11:56","Situation":"flat","Type":"bid","Price":62.50000000,"Amount":116.57980000,"Done":false},{"Time":"2019-04-16T10:11:56","Situation":"flat","Type":"bid","Price":61.00000000,"Amount":159.23358000,"Done":false},{"Time":"2019-04-16T10:16:57","Situation":"flat","Type":"bid","Price":67.40000000,"Amount":234.00000000,"Done":false},{"Time":"2019-04-16T10:16:57","Situation":"flat","Type":"bid","Price":66.49000000,"Amount":110.73489000,"Done":false},{"Time":"2019-04-16T10:16:57","Situation":"flat","Type":"bid","Price":63.20000000,"Amount":104.07245000,"Done":false},{"Time":"2019-04-16T10:16:57","Situation":"flat","Type":"bid","Price":62.50000000,"Amount":116.57980000,"Done":false},{"Time":"2019-04-16T10:21:58","Situation":"flat","Type":"bid","Price":67.40000000,"Amount":234.00000000,"Done":false},{"Time":"2019-04-16T10:21:58","Situation":"flat","Type":"bid","Price":66.44000000,"Amount":110.81823000,"Done":false},{"Time":"2019-04-16T10:21:58","Situation":"flat","Type":"bid","Price":62.50000000,"Amount":116.57980000,"Done":false},{"Time":"2019-04-16T10:23:56","Situation":"trend","Type":"bid","Price":67.40000000,"Amount":243.34718000,"Done":false},{"Time":"2019-04-16T10:23:56","Situation":"trend","Type":"bid","Price":66.42000000,"Amount":110.85160000,"Done":false}