{"OrderBookAsks":[{"Time":"2019-04-01T19:53:35","Situation":"flat","Type":"ask","Price":0.11052000,"Amount":203738.00000000,"Done":false},{"Time":"2019-04-01T19:53:35","Situation":"flat","Type":"ask","Price":0.11165000,"Amount":91908.00000000,"Done":false},{"Time":"2019-04-01T19:58:43","Situation":"flat","Type":"ask","Price":0.11052000,"Amount":203888.40000000,"Done":false},{"Time":"2019-04-01T19:58:43","Situation":"flat","Type":"ask","Price":0.11165000,"Amount":102105.00000000,"Done":false},{"Time":"2019-04-01T19:58:43","Situation":"flat","Type":"ask","Price":0.11200000,"Amount":81107.10000000,"Done":false},{"Time":"2019-04-01T20:03:51","Situation":"flat","Type":"ask","Price":0.11052000,"Amount":203888.40000000,"Done":false},{"Time":"2019-04-01T20:03:51","Situation":"flat","Type":"ask","Price":0.11165000,"Amount":102105.00000000,"Done":false},{"Time":"2019-04-01T20:03:51","Situation":"flat","Type":"ask","Price":0.11200000,"Amount":81107.10000000,"Done":false},{"Time":"2019-04-01T20:08:56","Situation":"flat","Type":"ask","Price":0.11052000,"Amount":203888.40000000,"Done":false},{"Time":"2019-04-01T20:08:56","Situation":"flat","Type":"ask","Price":0.11165000,"Amount":102105.00000000,"Done":false},{"Time":"2019-04-01T20:08:56","Situation":"flat","Type":"ask","Price":0.11200000,"Amount":81107.10000000,"Done":false},{"Time":"2019-04-01T20:14:04","Situation":"flat","Type":"ask","Price":0.11052000,"Amount":203888.40000000,"Done":false},{"Time":"2019-04-01T20:14:04","Situation":"flat","Type":"ask","Price":0.11165000,"Amount":102105.00000000,"Done":false},{"Time":"2019-04-01T20:14:04","Situation":"flat","Type":"ask","Price":0.11200000,"Amount":81107.10000000,"Done":false},{"Time":"2019-04-01T20:19:05","Situation":"flat","Type":"ask","Price":0.11052000,"Amount":203888.40000000,"Done":false},{"Time":"2019-04-01T20:19:05","Situation":"flat","Type":"ask","Price":0.11165000,"Amount":102105.00000000,"Done":false},{"Time":"2019-04-01T20:19:05","Situation":"flat","Type":"ask","Price":0.11200000,"Amount":81157.10000000,"Done":false},{"Time":"2019-04-01T20:24:16","Situation":"flat","Type":"ask","Price":0.11052000,"Amount":203888.40000000,"Done":false},{"Time":"2019-04-01T20:24:16","Situation":"flat","Type":"ask","Price":0.11165000,"Amount":102105.00000000,"Done":false},{"Time":"2019-04-01T20:24:16","Situation":"flat","Type":"ask","Price":0.11200000,"Amount":81157.10000000,"Done":false},{"Time":"2019-04-01T20:29:25","Situation":"flat","Type":"ask","Price":0.11052000,"Amount":203888.40000000,"Done":false},{"Time":"2019-04-01T20:29:25","Situation":"flat","Type":"ask","Price":0.11165000,"Amount":102105.00000000,"Done":false},{"Time":"2019-04-01T20:29:25","Situation":"flat","Type":"ask","Price":0.11200000,"Amount":81157.10000000,"Done":false},{"Time":"2019-04-01T20:34:25","Situation":"flat","Type":"ask","Price":0.11052000,"Amount":203888.40000000,"Done":false},{"Time":"2019-04-01T20:34:25","Situation":"flat","Type":"ask","Price":0.11165000,"Amount":102105.00000000,"Done":false},{"Time":"2019-04-01T20:34:25","Situation":"flat","Type":"ask","Price":0.11200000,"Amount":81157.10000000,"Done":false},{"Time":"2019-04-01T20:39:32","Situation":"flat","Type":"ask","Price":0.11052000,"Amount":203888.40000000,"Done":false},{"Time":"2019-04-01T20:39:32","Situation":"flat","Type":"ask","Price":0.11165000,"Amount":102105.00000000,"Done":false},{"Time":"2019-04-01T20:39:32","Situation":"flat","Type":"ask","Price":0.11200000,"Amount":81157.10000000,"Done":false},{"Time":"2019-04-01T20:50:10","Situation":"flat","Type":"ask","Price":0.11052000,"Amount":203888.40000000,"Done":false},{"Time":"2019-04-01T20:50:10","Situation":"flat","Type":"ask","Price":0.11165000,"Amount":102105.00000000,"Done":false},{"Time":"2019-04-01T20:50:10","Situation":"flat","Type":"ask","Price":0.11200000,"Amount":81157.10000000,"Done":false},{"Time":"2019-04-01T20:55:14","Situation":"flat","Type":"ask","Price":0.11052000,"Amount":203888.40000000,"Done":false},{"Time":"2019-04-01T20:55:14","Situation":"flat","Type":"ask","Price":0.11165000,"Amount":102105.00000000,"Done":false},{"Time":"2019-04-01T20:55:14","Situation":"flat","Type":"ask","Price":0.11200000,"Amount":81157.10000000,"Done":false},{"Time":"2019-04-01T21:00:14","Situation":"flat","Type":"ask","Price":0.11052000,"Amount":203888.40000000,"Done":false},{"Time":"2019-04-01T21:00:14","Situation":"flat","Type":"ask","Price":0.11165000,"Amount":102105.00000000,"Done":false},{"Time":"2019-04-01T21:00:14","Situation":"flat","Type":"ask","Price":0.11200000,"Amount":81157.10000000,"Done":false},{"Time":"2019-04-01T21:05:14","Situation":"flat","Type":"ask","Price":0.11052000,"Amount":203888.40000000,"Done":false},{"Time":"2019-04-01T21:05:14","Situation":"flat","Type":"ask","Price":0.11165000,"Amount":102105.00000000,"Done":false},{"Time":"2019-04-01T21:05:14","Situation":"flat","Type":"ask","Price":0.11200000,"Amount":81157.10000000,"Done":false},{"Time":"2019-04-01T21:10:15","Situation":"flat","Type":"ask","Price":0.11052000,"Amount":203888.40000000,"Done":false},{"Time":"2019-04-01T21:10:15","Situation":"flat","Type":"ask","Price":0.11165000,"Amount":102105.00000000,"Done":false},{"Time":"2019-04-01T21:10:15","Situation":"flat","Type":"ask","Price":0.11200000,"Amount":81157.10000000,"Done":false},{"Time":"2019-04-01T21:15:15","Situation":"flat","Type":"ask","Price":0.11052000,"Amount":203888.40000000,"Done":false},{"Time":"2019-04-01T21:15:15","Situation":"flat","Type":"ask","Price":0.11165000,"Amount":102105.00000000,"Done":false},{"Time":"2019-04-01T21:15:15","Situation":"flat","Type":"ask","Price":0.11200000,"Amount":81157.10000000,"Done":false},{"Time":"2019-04-01T21:20:19","Situation":"flat","Type":"ask","Price":0.11052000,"Amount":203888.40000000,"Done":false},{"Time":"2019-04-01T21:20:19","Situation":"flat","Type":"ask","Price":0.11165000,"Amount":102105.00000000,"Done":false},{"Time":"2019-04-01T21:20:19","Situation":"flat","Type":"ask","Price":0.11200000,"Amount":81138.00000000,"Done":false},{"Time":"2019-04-01T21:25:19","Situation":"flat","Type":"ask","Price":0.11052000,"Amount":203888.40000000,"Done":false},{"Time":"2019-04-01T21:25:19","Situation":"flat","Type":"ask","Price":0.11165000,"Amount":102105.00000000,"Done":false},{"Time":"2019-04-01T21:25:19","Situation":"flat","Type":"ask","Price":0.11200000,"Amount":86138.00000000,"Done":false},{"Time":"2019-04-01T21:30:19","Situation":"flat","Type":"ask","Price":0.11052000,"Amount":203888.40000000,"Done":false},{"Time":"2019-04-01T21:30:19","Situation":"flat","Type":"ask","Price":0.11165000,"Amount":102105.00000000,"Done":false},{"Time":"2019-04-01T21:30:19","Situation":"flat","Type":"ask","Price":0.11200000,"Amount":86138.00000000,"Done":false},{"Time":"2019-04-01T21:35:19","Situation":"flat","Type":"ask","Price":0.11087000,"Amount":203738.00000000,"Done":false},{"Time":"2019-04-01T21:35:19","Situation":"flat","Type":"ask","Price":0.11165000,"Amount":102105.00000000,"Done":false},{"Time":"2019-04-01T21:35:19","Situation":"flat","Type":"ask","Price":0.11200000,"Amount":86138.00000000,"Done":false},{"Time":"2019-04-01T21:40:19","Situation":"flat","Type":"ask","Price":0.11094000,"Amount":203738.00000000,"Done":false},{"Time":"2019-04-01T21:40:19","Situation":"flat","Type":"ask","Price":0.11165000,"Amount":102105.00000000,"Done":false},{"Time":"2019-04-01T21:40:19","Situation":"flat","Type":"ask","Price":0.11200000,"Amount":86138.00000000,"Done":false},{"Time":"2019-04-01T21:45:19","Situation":"flat","Type":"ask","Price":0.11094000,"Amount":203738.00000000,"Done":false},{"Time":"2019-04-01T21:45:19","Situation":"flat","Type":"ask","Price":0.11165000,"Amount":102105.00000000,"Done":false},{"Time":"2019-04-01T21:45:19","Situation":"flat","Type":"ask","Price":0.11200000,"Amount":86138.00000000,"Done":false},{"Time":"2019-04-01T21:50:20","Situation":"flat","Type":"ask","Price":0.11094000,"Amount":213738.00000000,"Done":false},{"Time":"2019-04-01T21:50:20","Situation":"flat","Type":"ask","Price":0.11165000,"Amount":102105.00000000,"Done":false},{"Time":"2019-04-01T21:50:20","Situation":"flat","Type":"ask","Price":0.11200000,"Amount":86138.00000000,"Done":false},{"Time":"2019-04-01T21:55:20","Situation":"flat","Type":"ask","Price":0.11094000,"Amount":203738.00000000,"Done":false},{"Time":"2019-04-01T21:55:20","Situation":"flat","Type":"ask","Price":0.11200000,"Amount":86138.00000000,"Done":false},{"Time":"2019-04-01T21:55:20","Situation":"flat","Type":"ask","Price":0.11210000,"Amount":103241.90000000,"Done":false},{"Time":"2019-04-01T22:00:20","Situation":"flat","Type":"ask","Price":0.11094000,"Amount":203738.00000000,"Done":false},{"Time":"2019-04-01T22:00:20","Situation":"flat","Type":"ask","Price":0.11200000,"Amount":86138.00000000,"Done":false},{"Time":"2019-04-01T22:00:20","Situation":"flat","Type":"ask","Price":0.11210000,"Amount":103241.90000000,"Done":false},{"Time":"2019-04-01T22:05:20","Situation":"flat","Type":"ask","Price":0.11094000,"Amount":203738.00000000,"Done":false},{"Time":"2019-04-01T22:05:20","Situation":"flat","Type":"ask","Price":0.11200000,"Amount":86138.00000000,"Done":false},{"Time":"2019-04-01T22:05:20","Situation":"flat","Type":"ask","Price":0.11210000,"Amount":103241.90000000,"Done":false},{"Time":"2019-04-01T22:10:20","Situation":"flat","Type":"ask","Price":0.11094000,"Amount":203738.00000000,"Done":false},{"Time":"2019-04-01T22:10:20","Situation":"flat","Type":"ask","Price":0.11200000,"Amount":86138.00000000,"Done":false},{"Time":"2019-04-01T22:10:20","Situation":"flat","Type":"ask","Price":0.11210000,"Amount":103241.90000000,"Done":false},{"Time":"2019-04-01T22:15:20","Situation":"flat","Type":"ask","Price":0.11094000,"Amount":203738.00000000,"Done":false},{"Time":"2019-04-01T22:15:20","Situation":"flat","Type":"ask","Price":0.11200000,"Amount":86138.00000000,"Done":false},{"Time":"2019-04-01T22:15:20","Situation":"flat","Type":"ask","Price":0.11210000,"Amount":103241.90000000,"Done":false},{"Time":"2019-04-01T22:20:24","Situation":"flat","Type":"ask","Price":0.11094000,"Amount":203738.00000000,"Done":false},{"Time":"2019-04-01T22:20:24","Situation":"flat","Type":"ask","Price":0.11200000,"Amount":86138.00000000,"Done":false},{"Time":"2019-04-01T22:20:24","Situation":"flat","Type":"ask","Price":0.11210000,"Amount":101528.90000000,"Done":false},{"Time":"2019-04-01T22:25:25","Situation":"flat","Type":"ask","Price":0.11094000,"Amount":203738.00000000,"Done":false},{"Time":"2019-04-01T22:25:25","Situation":"flat","Type":"ask","Price":0.11200000,"Amount":86138.00000000,"Done":false},{"Time":"2019-04-01T22:25:25","Situation":"flat","Type":"ask","Price":0.11210000,"Amount":93044.90000000,"Done":false},{"Time":"2019-04-01T22:30:29","Situation":"flat","Type":"ask","Price":0.11094000,"Amount":203738.00000000,"Done":false},{"Time":"2019-04-01T22:30:29","Situation":"flat","Type":"ask","Price":0.11200000,"Amount":86138.00000000,"Done":false},{"Time":"2019-04-01T22:30:29","Situation":"flat","Type":"ask","Price":0.11210000,"Amount":91048.90000000,"Done":false},{"Time":"2019-04-01T22:35:29","Situation":"flat","Type":"ask","Price":0.11128000,"Amount":203738.00000000,"Done":false},{"Time":"2019-04-01T22:35:29","Situation":"flat","Type":"ask","Price":0.11210000,"Amount":91048.90000000,"Done":false},{"Time":"2019-04-01T22:40:29","Situation":"flat","Type":"ask","Price":0.11128000,"Amount":203738.00000000,"Done":false},{"Time":"2019-04-01T22:40:29","Situation":"flat","Type":"ask","Price":0.11210000,"Amount":91048.90000000,"Done":false},{"Time":"2019-04-01T22:45:29","Situation":"flat","Type":"ask","Price":0.11128000,"Amount":203738.00000000,"Done":false},{"Time":"2019-04-01T22:45:29","Situation":"flat","Type":"ask","Price":0.11210000,"Amount":94297.00000000,"Done":false},{"Time":"2019-04-01T22:50:29","Situation":"flat","Type":"ask","Price":0.11128000,"Amount":205606.00000000,"Done":false},{"Time":"2019-04-01T22:50:29","Situation":"flat","Type":"ask","Price":0.11210000,"Amount":102873.00000000,"Done":false},{"Time":"2019-04-01T22:55:29","Situation":"flat","Type":"ask","Price":0.11128000,"Amount":203738.00000000,"Done":false},{"Time":"2019-04-01T22:55:29","Situation":"flat","Type":"ask","Price":0.11210000,"Amount":103369.00000000,"Done":false},{"Time":"2019-04-01T23:00:29","Situation":"flat","Type":"ask","Price":0.11128000,"Amount":203738.00000000,"Done":false},{"Time":"2019-04-01T23:00:29","Situation":"flat","Type":"ask","Price":0.11258000,"Amount":101869.00000000,"Done":false},{"Time":"2019-04-01T23:05:29","Situation":"flat","Type":"ask","Price":0.11164000,"Amount":203738.00000000,"Done":false},{"Time":"2019-04-01T23:05:29","Situation":"flat","Type":"ask","Price":0.11258000,"Amount":101869.00000000,"Done":false},{"Time":"2019-04-01T23:10:29","Situation":"flat","Type":"ask","Price":0.11164000,"Amount":203738.00000000,"Done":false},{"Time":"2019-04-01T23:10:29","Situation":"flat","Type":"ask","Price":0.11258000,"Amount":101869.00000000,"Done":false},{"Time":"2019-04-01T23:15:29","Situation":"flat","Type":"ask","Price":0.11164000,"Amount":203738.00000000,"Done":false},{"Time":"2019-04-01T23:15:29","Situation":"flat","Type":"ask","Price":0.11258000,"Amount":101869.00000000,"Done":false},{"Time":"2019-04-01T23:20:29","Situation":"flat","Type":"ask","Price":0.11164000,"Amount":203738.00000000,"Done":false},{"Time":"2019-04-01T23:20:29","Situation":"flat","Type":"ask","Price":0.11258000,"Amount":101869.00000000,"Done":false},{"Time":"2019-04-01T23:25:29","Situation":"flat","Type":"ask","Price":0.11131000,"Amount":203938.00000000,"Done":false},{"Time":"2019-04-01T23:25:29","Situation":"flat","Type":"ask","Price":0.11258000,"Amount":101869.00000000,"Done":false},{"Time":"2019-04-01T23:30:30","Situation":"flat","Type":"ask","Price":0.11131000,"Amount":203938.00000000,"Done":false},{"Time":"2019-04-01T23:30:30","Situation":"flat","Type":"ask","Price":0.11258000,"Amount":101869.00000000,"Done":false},{"Time":"2019-04-01T23:35:30","Situation":"flat","Type":"ask","Price":0.11051000,"Amount":120448.30000000,"Done":false},{"Time":"2019-04-01T23:35:30","Situation":"flat","Type":"ask","Price":0.11131000,"Amount":203938.00000000,"Done":false},{"Time":"2019-04-01T23:35:30","Situation":"flat","Type":"ask","Price":0.11258000,"Amount":101869.00000000,"Done":false},{"Time":"2019-04-01T23:38:40","Situation":"trend","Type":"ask","Price":0.11131000,"Amount":203938.00000000,"Done":false},{"Time":"2019-04-01T23:38:40","Situation":"trend","Type":"ask","Price":0.11258000,"Amount":101869.00000000,"Done":false},{"Time":"2019-04-01T23:43:40","Situation":"flat","Type":"ask","Price":0.11131000,"Amount":203938.00000000,"Done":false},{"Time":"2019-04-01T23:43:40","Situation":"flat","Type":"ask","Price":0.11258000,"Amount":101869.00000000,"Done":false},{"Time":"2019-04-01T23:48:42","Situation":"flat","Type":"ask","Price":0.11131000,"Amount":203938.00000000,"Done":false},{"Time":"2019-04-01T23:48:42","Situation":"flat","Type":"ask","Price":0.11258000,"Amount":101869.00000000,"Done":false},{"Time":"2019-04-01T23:53:44","Situation":"flat","Type":"ask","Price":0.11097000,"Amount":210915.00000000,"Done":false},{"Time":"2019-04-01T23:53:44","Situation":"flat","Type":"ask","Price":0.11214000,"Amount":101869.00000000,"Done":false},{"Time":"2019-04-01T23:58:44","Situation":"flat","Type":"ask","Price":0.11023000,"Amount":220441.40000000,"Done":false},{"Time":"2019-04-01T23:58:44","Situation":"flat","Type":"ask","Price":0.11097000,"Amount":210915.00000000,"Done":false},{"Time":"2019-04-01T23:58:44","Situation":"flat","Type":"ask","Price":0.11214000,"Amount":101869.00000000,"Done":false},{"Time":"2019-04-02T00:03:44","Situation":"flat","Type":"ask","Price":0.11023000,"Amount":220441.40000000,"Done":false},{"Time":"2019-04-02T00:03:44","Situation":"flat","Type":"ask","Price":0.11097000,"Amount":203738.00000000,"Done":false},{"Time":"2019-04-02T00:03:44","Situation":"flat","Type":"ask","Price":0.11214000,"Amount":101869.00000000,"Done":false},{"Time":"2019-04-02T00:08:44","Situation":"flat","Type":"ask","Price":0.11023000,"Amount":220441.40000000,"Done":false},{"Time":"2019-04-02T00:08:44","Situation":"flat","Type":"ask","Price":0.11097000,"Amount":203738.00000000,"Done":false},{"Time":"2019-04-02T00:08:44","Situation":"flat","Type":"ask","Price":0.11214000,"Amount":101869.00000000,"Done":false},{"Time":"2019-04-02T00:13:45","Situation":"flat","Type":"ask","Price":0.11023000,"Amount":220441.40000000,"Done":false},{"Time":"2019-04-02T00:13:45","Situation":"flat","Type":"ask","Price":0.11097000,"Amount":203738.00000000,"Done":false},{"Time":"2019-04-02T00:13:45","Situation":"flat","Type":"ask","Price":0.11214000,"Amount":101869.00000000,"Done":false},{"Time":"2019-04-02T00:18:45","Situation":"flat","Type":"ask","Price":0.11023000,"Amount":220941.40000000,"Done":false},{"Time":"2019-04-02T00:18:45","Situation":"flat","Type":"ask","Price":0.11097000,"Amount":203738.00000000,"Done":false},{"Time":"2019-04-02T00:18:45","Situation":"flat","Type":"ask","Price":0.11214000,"Amount":101869.00000000,"Done":false},{"Time":"2019-04-02T00:23:45","Situation":"flat","Type":"ask","Price":0.11097000,"Amount":203738.00000000,"Done":false},{"Time":"2019-04-02T00:23:45","Situation":"flat","Type":"ask","Price":0.11214000,"Amount":101869.00000000,"Done":false},{"Time":"2019-04-02T00:28:45","Situation":"flat","Type":"ask","Price":0.11097000,"Amount":203738.00000000,"Done":false},{"Time":"2019-04-02T00:28:45","Situation":"flat","Type":"ask","Price":0.11214000,"Amount":101869.00000000,"Done":false},{"Time":"2019-04-02T00:33:49","Situation":"flat","Type":"ask","Price":0.11097000,"Amount":203738.00000000,"Done":false},{"Time":"2019-04-02T00:33:49","Situation":"flat","Type":"ask","Price":0.11214000,"Amount":101869.00000000,"Done":false},{"Time":"2019-04-02T00:38:49","Situation":"flat","Type":"ask","Price":0.11097000,"Amount":203738.00000000,"Done":false},{"Time":"2019-04-02T00:38:49","Situation":"flat","Type":"ask","Price":0.11214000,"Amount":101869.00000000,"Done":false},{"Time":"2019-04-02T00:43:49","Situation":"flat","Type":"ask","Price":0.11097000,"Amount":203738.00000000,"Done":false},{"Time":"2019-04-02T00:43:49","Situation":"flat","Type":"ask","Price":0.11214000,"Amount":101869.00000000,"Done":false},{"Time":"2019-04-02T00:48:49","Situation":"flat","Type":"ask","Price":0.11097000,"Amount":222577.00000000,"Done":false},{"Time":"2019-04-02T00:48:49","Situation":"flat","Type":"ask","Price":0.11214000,"Amount":101869.00000000,"Done":false},{"Time":"2019-04-02T00:53:49","Situation":"flat","Type":"ask","Price":0.11097000,"Amount":242950.00000000,"Done":false},{"Time":"2019-04-02T00:53:49","Situation":"flat","Type":"ask","Price":0.11214000,"Amount":101869.00000000,"Done":false},{"Time":"2019-04-02T00:58:53","Situation":"flat","Type":"ask","Price":0.11097000,"Amount":222577.00000000,"Done":false},{"Time":"2019-04-02T00:58:53","Situation":"flat","Type":"ask","Price":0.11214000,"Amount":101869.00000000,"Done":false},{"Time":"2019-04-02T01:02:44","Situation":"trend","Type":"ask","Price":0.11097000,"Amount":222577.00000000,"Done":false},{"Time":"2019-04-02T01:02:44","Situation":"trend","Type":"ask","Price":0.11214000,"Amount":101869.00000000,"Done":false},{"Time":"2019-04-02T01:07:45","Situation":"flat","Type":"ask","Price":0.11097000,"Amount":224445.00000000,"Done":false},{"Time":"2019-04-02T01:07:45","Situation":"flat","Type":"ask","Price":0.11214000,"Amount":101869.00000000,"Done":false},{"Time":"2019-04-02T01:12:50","Situation":"flat","Type":"ask","Price":0.11097000,"Amount":222577.00000000,"Done":false},{"Time":"2019-04-02T01:12:50","Situation":"flat","Type":"ask","Price":0.11214000,"Amount":101869.00000000,"Done":false},{"Time":"2019-04-02T01:17:50","Situation":"flat","Type":"ask","Price":0.11097000,"Amount":224445.00000000,"Done":false},{"Time":"2019-04-02T01:17:50","Situation":"flat","Type":"ask","Price":0.11214000,"Amount":101869.00000000,"Done":false},{"Time":"2019-04-02T01:22:50","Situation":"flat","Type":"ask","Price":0.11060000,"Amount":203738.00000000,"Done":false},{"Time":"2019-04-02T01:22:50","Situation":"flat","Type":"ask","Price":0.11214000,"Amount":101869.00000000,"Done":false},{"Time":"2019-04-02T01:27:50","Situation":"flat","Type":"ask","Price":0.11060000,"Amount":203738.00000000,"Done":false},{"Time":"2019-04-02T01:27:50","Situation":"flat","Type":"ask","Price":0.11214000,"Amount":101869.00000000,"Done":false},{"Time":"2019-04-02T01:32:50","Situation":"flat","Type":"ask","Price":0.11095000,"Amount":203738.00000000,"Done":false},{"Time":"2019-04-02T01:32:50","Situation":"flat","Type":"ask","Price":0.11214000,"Amount":101869.00000000,"Done":false},{"Time":"2019-04-02T01:37:52","Situation":"flat","Type":"ask","Price":0.11095000,"Amount":203738.00000000,"Done":false},{"Time":"2019-04-02T01:37:52","Situation":"flat","Type":"ask","Price":0.11214000,"Amount":101869.00000000,"Done":false},{"Time":"2019-04-02T01:42:56","Situation":"flat","Type":"ask","Price":0.11095000,"Amount":203738.00000000,"Done":false},{"Time":"2019-04-02T01:42:56","Situation":"flat","Type":"ask","Price":0.11214000,"Amount":101869.00000000,"Done":false},{"Time":"2019-04-02T01:48:00","Situation":"flat","Type":"ask","Price":0.11095000,"Amount":203738.00000000,"Done":false},{"Time":"2019-04-02T01:48:00","Situation":"flat","Type":"ask","Price":0.11214000,"Amount":101869.00000000,"Done":false},{"Time":"2019-04-02T01:53:00","Situation":"flat","Type":"ask","Price":0.11062000,"Amount":203738.00000000,"Done":false},{"Time":"2019-04-02T01:53:00","Situation":"flat","Type":"ask","Price":0.11170000,"Amount":108569.40000000,"Done":false},{"Time":"2019-04-02T01:58:04","Situation":"flat","Type":"ask","Price":0.11062000,"Amount":203738.00000000,"Done":false},{"Time":"2019-04-02T01:58:04","Situation":"flat","Type":"ask","Price":0.11170000,"Amount":108569.40000000,"Done":false},{"Time":"2019-04-02T02:03:04","Situation":"flat","Type":"ask","Price":0.11062000,"Amount":203738.00000000,"Done":false},{"Time":"2019-04-02T02:03:04","Situation":"flat","Type":"ask","Price":0.11170000,"Amount":108569.40000000,"Done":false},{"Time":"2019-04-02T02:06:54","Situation":"trend","Type":"ask","Price":0.11096000,"Amount":205095.30000000,"Done":false},{"Time":"2019-04-02T02:06:54","Situation":"trend","Type":"ask","Price":0.11170000,"Amount":108569.40000000,"Done":false},{"Time":"2019-04-02T02:06:54","Situation":"trend","Type":"ask","Price":0.11062000,"Amount":203738.00000000,"Done":true},{"Time":"2019-04-02T02:11:55","Situation":"flat","Type":"ask","Price":0.11096000,"Amount":205095.30000000,"Done":false},{"Time":"2019-04-02T02:11:55","Situation":"flat","Type":"ask","Price":0.11170000,"Amount":108569.40000000,"Done":false},{"Time":"2019-04-02T02:16:55","Situation":"flat","Type":"ask","Price":0.11096000,"Amount":205095.30000000,"Done":false},{"Time":"2019-04-02T02:16:55","Situation":"flat","Type":"ask","Price":0.11170000,"Amount":108569.40000000,"Done":false},{"Time":"2019-04-02T02:21:55","Situation":"flat","Type":"ask","Price":0.11096000,"Amount":205095.30000000,"Done":false},{"Time":"2019-04-02T02:21:55","Situation":"flat","Type":"ask","Price":0.11170000,"Amount":108569.40000000,"Done":false},{"Time":"2019-04-02T02:26:55","Situation":"flat","Type":"ask","Price":0.11096000,"Amount":205095.30000000,"Done":false},{"Time":"2019-04-02T02:26:55","Situation":"flat","Type":"ask","Price":0.11216000,"Amount":102018.70000000,"Done":false},{"Time":"2019-04-02T02:31:55","Situation":"flat","Type":"ask","Price":0.11096000,"Amount":205095.30000000,"Done":false},{"Time":"2019-04-02T02:31:55","Situation":"flat","Type":"ask","Price":0.11216000,"Amount":102018.70000000,"Done":false},{"Time":"2019-04-02T02:36:04","Situation":"trend","Type":"ask","Price":0.11096000,"Amount":205095.30000000,"Done":false},{"Time":"2019-04-02T02:36:04","Situation":"trend","Type":"ask","Price":0.11216000,"Amount":82666.70000000,"Done":false},{"Time":"2019-04-02T02:41:08","Situation":"flat","Type":"ask","Price":0.11187000,"Amount":193557.10000000,"Done":false},{"Time":"2019-04-02T02:46:09","Situation":"flat","Type":"ask","Price":0.11091000,"Amount":110010.80000000,"Done":false},{"Time":"2019-04-02T02:46:09","Situation":"flat","Type":"ask","Price":0.11187000,"Amount":193557.10000000,"Done":false},{"Time":"2019-04-02T02:51:09","Situation":"flat","Type":"ask","Price":0.11187000,"Amount":196237.10000000,"Done":false},{"Time":"2019-04-02T02:56:09","Situation":"flat","Type":"ask","Price":0.11187000,"Amount":196294.10000000,"Done":false},{"Time":"2019-04-02T03:01:09","Situation":"flat","Type":"ask","Price":0.11187000,"Amount":196294.10000000,"Done":false},{"Time":"2019-04-02T03:06:10","Situation":"flat","Type":"ask","Price":0.11187000,"Amount":205518.10000000,"Done":false},{"Time":"2019-04-02T03:11:10","Situation":"flat","Type":"ask","Price":0.11154000,"Amount":204266.50000000,"Done":false},{"Time":"2019-04-02T03:16:14","Situation":"flat","Type":"ask","Price":0.11154000,"Amount":204266.50000000,"Done":false},{"Time":"2019-04-02T03:21:14","Situation":"flat","Type":"ask","Price":0.11154000,"Amount":204266.50000000,"Done":false},{"Time":"2019-04-02T03:26:15","Situation":"flat","Type":"ask","Price":0.11154000,"Amount":204836.50000000,"Done":false},{"Time":"2019-04-02T03:31:15","Situation":"flat","Type":"ask","Price":0.11154000,"Amount":204836.50000000,"Done":false},{"Time":"2019-04-02T03:36:15","Situation":"flat","Type":"ask","Price":0.11154000,"Amount":204836.50000000,"Done":false},{"Time":"2019-04-02T03:41:19","Situation":"flat","Type":"ask","Price":0.11154000,"Amount":204836.50000000,"Done":false},{"Time":"2019-04-02T03:41:19","Situation":"flat","Type":"ask","Price":0.11222000,"Amount":85516.70000000,"Done":false},{"Time":"2019-04-02T03:46:20","Situation":"flat","Type":"ask","Price":0.11154000,"Amount":204836.50000000,"Done":false},{"Time":"2019-04-02T03:50:20","Situation":"trend","Type":"ask","Price":0.11032000,"Amount":307919.70000000,"Done":false},{"Time":"2019-04-02T03:50:20","Situation":"trend","Type":"ask","Price":0.11121000,"Amount":203738.00000000,"Done":false},{"Time":"2019-04-02T03:55:24","Situation":"flat","Type":"ask","Price":0.11121000,"Amount":203738.00000000,"Done":false},{"Time":"2019-04-02T04:00:25","Situation":"flat","Type":"ask","Price":0.11121000,"Amount":203738.00000000,"Done":false},{"Time":"2019-04-02T04:05:29","Situation":"flat","Type":"ask","Price":0.11121000,"Amount":203738.00000000,"Done":false},{"Time":"2019-04-02T04:10:29","Situation":"flat","Type":"ask","Price":0.11121000,"Amount":203738.00000000,"Done":false},{"Time":"2019-04-02T04:15:29","Situation":"flat","Type":"ask","Price":0.11121000,"Amount":203738.00000000,"Done":false},{"Time":"2019-04-02T04:20:29","Situation":"flat","Type":"ask","Price":0.11121000,"Amount":203738.00000000,"Done":false},{"Time":"2019-04-02T04:25:29","Situation":"flat","Type":"ask","Price":0.11121000,"Amount":203738.00000000,"Done":false},{"Time":"2019-04-02T04:30:30","Situation":"flat","Type":"ask","Price":0.11121000,"Amount":203738.00000000,"Done":false},{"Time":"2019-04-02T04:32:39","Situation":"trend","Type":"ask","Price":0.11201000,"Amount":228443.60000000,"Done":false},{"Time":"2019-04-02T04:32:59","Situation":"trend","Type":"ask","Price":0.11298000,"Amount":204313.00000000,"Done":false},{"Time":"2019-04-02T04:32:59","Situation":"trend","Type":"ask","Price":0.11121000,"Amount":203738.00000000,"Done":true},{"Time":"2019-04-02T04:33:39","Situation":"trend","Type":"ask","Price":0.11298000,"Amount":204313.00000000,"Done":false},{"Time":"2019-04-02T04:33:39","Situation":"trend","Type":"ask","Price":0.11121000,"Amount":203738.00000000,"Done":true},{"Time":"2019-04-02T04:35:25","Situation":"trend","Type":"ask","Price":0.11357000,"Amount":204615.20000000,"Done":false},{"Time":"2019-04-02T04:35:25","Situation":"trend","Type":"ask","Price":0.11500000,"Amount":96194.70000000,"Done":false},{"Time":"2019-04-02T04:35:25","Situation":"trend","Type":"ask","Price":0.11121000,"Amount":203738.00000000,"Done":true},{"Time":"2019-04-02T04:36:49","Situation":"trend","Type":"ask","Price":0.11357000,"Amount":204615.20000000,"Done":false},{"Time":"2019-04-02T04:36:49","Situation":"trend","Type":"ask","Price":0.11121000,"Amount":203738.00000000,"Done":true},{"Time":"2019-04-02T04:39:15","Situation":"trend","Type":"ask","Price":0.11357000,"Amount":204615.20000000,"Done":false},{"Time":"2019-04-02T04:39:15","Situation":"trend","Type":"ask","Price":0.11500000,"Amount":93365.40000000,"Done":false},{"Time":"2019-04-02T04:40:39","Situation":"trend","Type":"ask","Price":0.11300000,"Amount":266923.40000000,"Done":false},{"Time":"2019-04-02T04:40:39","Situation":"trend","Type":"ask","Price":0.11357000,"Amount":204615.20000000,"Done":false},{"Time":"2019-04-02T04:42:59","Situation":"trend","Type":"ask","Price":0.11260000,"Amount":247038.80000000,"Done":false},{"Time":"2019-04-02T04:42:59","Situation":"trend","Type":"ask","Price":0.11435000,"Amount":102043.90000000,"Done":false},{"Time":"2019-04-02T04:46:40","Situation":"trend","Type":"ask","Price":0.11210000,"Amount":203738.00000000,"Done":false},{"Time":"2019-04-02T04:46:40","Situation":"trend","Type":"ask","Price":0.11325000,"Amount":101869.00000000,"Done":false},{"Time":"2019-04-02T04:49:29","Situation":"trend","Type":"ask","Price":0.11325000,"Amount":101869.00000000,"Done":false},{"Time":"2019-04-02T04:50:20","Situation":"trend","Type":"ask","Price":0.11319000,"Amount":203738.00000000,"Done":false},{"Time":"2019-04-02T04:50:20","Situation":"trend","Type":"ask","Price":0.11325000,"Amount":101869.00000000,"Done":false},{"Time":"2019-04-02T04:51:40","Situation":"trend","Type":"ask","Price":0.11325000,"Amount":101869.00000000,"Done":false},{"Time":"2019-04-02T04:51:40","Situation":"trend","Type":"ask","Price":0.11500000,"Amount":93365.40000000,"Done":false},{"Time":"2019-04-02T04:53:00","Situation":"trend","Type":"ask","Price":0.11500000,"Amount":93365.40000000,"Done":false},{"Time":"2019-04-02T04:53:00","Situation":"trend","Type":"ask","Price":0.11511000,"Amount":203738.00000000,"Done":false},{"Time":"2019-04-02T04:56:04","Situation":"trend","Type":"ask","Price":0.11500000,"Amount":93365.40000000,"Done":false},{"Time":"2019-04-02T04:56:04","Situation":"trend","Type":"ask","Price":0.11579000,"Amount":203738.00000000,"Done":false},{"Time":"2019-04-02T04:56:29","Situation":"trend","Type":"ask","Price":0.11500000,"Amount":91773.60000000,"Done":false},{"Time":"2019-04-02T04:57:04","Situation":"trend","Type":"ask","Price":0.11438000,"Amount":203738.00000000,"Done":false},{"Time":"2019-04-02T04:57:04","Situation":"trend","Type":"ask","Price":0.11500000,"Amount":91773.60000000,"Done":false},{"Time":"2019-04-02T04:57:28","Situation":"trend","Type":"ask","Price":0.11304000,"Amount":86777.10000000,"Done":false},{"Time":"2019-04-02T04:57:28","Situation":"trend","Type":"ask","Price":0.11500000,"Amount":91773.60000000,"Done":false},{"Time":"2019-04-02T04:57:53","Situation":"trend","Type":"ask","Price":0.11500000,"Amount":91773.60000000,"Done":false},{"Time":"2019-04-02T04:58:30","Situation":"trend","Type":"ask","Price":0.11271000,"Amount":203738.00000000,"Done":false},{"Time":"2019-04-02T04:58:30","Situation":"trend","Type":"ask","Price":0.11500000,"Amount":91773.60000000,"Done":false},{"Time":"2019-04-02T05:00:20","Situation":"trend","Type":"ask","Price":0.11381000,"Amount":203738.00000000,"Done":false},{"Time":"2019-04-02T05:00:20","Situation":"trend","Type":"ask","Price":0.11400000,"Amount":164673.80000000,"Done":false},{"Time":"2019-04-02T05:00:20","Situation":"trend","Type":"ask","Price":0.11500000,"Amount":91773.60000000,"Done":false},{"Time":"2019-04-02T05:00:59","Situation":"trend","Type":"ask","Price":0.11381000,"Amount":203738.00000000,"Done":false},{"Time":"2019-04-02T05:00:59","Situation":"trend","Type":"ask","Price":0.11400000,"Amount":164673.80000000,"Done":false},{"Time":"2019-04-02T05:00:59","Situation":"trend","Type":"ask","Price":0.11500000,"Amount":91773.60000000,"Done":false},{"Time":"2019-04-02T05:02:04","Situation":"trend","Type":"ask","Price":0.11332000,"Amount":203738.00000000,"Done":false},{"Time":"2019-04-02T05:02:04","Situation":"trend","Type":"ask","Price":0.11400000,"Amount":164673.80000000,"Done":false},{"Time":"2019-04-02T05:02:04","Situation":"trend","Type":"ask","Price":0.11500000,"Amount":97192.60000000,"Done":false},{"Time":"2019-04-02T05:03:34","Situation":"trend","Type":"ask","Price":0.11400000,"Amount":165173.80000000,"Done":false},{"Time":"2019-04-02T05:03:34","Situation":"trend","Type":"ask","Price":0.11438000,"Amount":203738.00000000,"Done":false},{"Time":"2019-04-02T05:03:34","Situation":"trend","Type":"ask","Price":0.11500000,"Amount":97192.60000000,"Done":false},{"Time":"2019-04-02T05:05:20","Situation":"trend","Type":"ask","Price":0.11375000,"Amount":203738.00000000,"Done":false},{"Time":"2019-04-02T05:05:20","Situation":"trend","Type":"ask","Price":0.11400000,"Amount":165173.80000000,"Done":false},{"Time":"2019-04-02T05:05:20","Situation":"trend","Type":"ask","Price":0.11500000,"Amount":93495.40000000,"Done":false},{"Time":"2019-04-02T05:08:55","Situation":"trend","Type":"ask","Price":0.11354000,"Amount":223638.00000000,"Done":false},{"Time":"2019-04-02T05:08:55","Situation":"trend","Type":"ask","Price":0.11400000,"Amount":442456.90000000,"Done":false},{"Time":"2019-04-02T05:08:55","Situation":"trend","Type":"ask","Price":0.11500000,"Amount":93495.40000000,"Done":false},{"Time":"2019-04-02T05:10:30","Situation":"trend","Type":"ask","Price":0.11400000,"Amount":442656.90000000,"Done":false},{"Time":"2019-04-02T05:10:30","Situation":"trend","Type":"ask","Price":0.11460000,"Amount":203738.00000000,"Done":false},{"Time":"2019-04-02T05:10:30","Situation":"trend","Type":"ask","Price":0.11500000,"Amount":94548.50000000,"Done":false},{"Time":"2019-04-02T05:12:20","Situation":"trend","Type":"ask","Price":0.11400000,"Amount":180171.80000000,"Done":false},{"Time":"2019-04-02T05:12:20","Situation":"trend","Type":"ask","Price":0.11496000,"Amount":208593.00000000,"Done":false},{"Time":"2019-04-02T05:12:20","Situation":"trend","Type":"ask","Price":0.11500000,"Amount":96322.30000000,"Done":false},{"Time":"2019-04-02T05:12:20","Situation":"trend","Type":"ask","Price":0.11593000,"Amount":101921.00000000,"Done":false},{"Time":"2019-04-02T05:17:20","Situation":"flat","Type":"ask","Price":0.11400000,"Amount":172599.40000000,"Done":false},{"Time":"2019-04-02T05:17:20","Situation":"flat","Type":"ask","Price":0.11500000,"Amount":88436.30000000,"Done":false},{"Time":"2019-04-02T05:17:20","Situation":"flat","Type":"ask","Price":0.11548000,"Amount":203738.00000000,"Done":false},{"Time":"2019-04-02T05:17:20","Situation":"flat","Type":"ask","Price":0.11593000,"Amount":101921.00000000,"Done":false},{"Time":"2019-04-02T05:17:50","Situation":"trend","Type":"ask","Price":0.11440000,"Amount":168228.30000000,"Done":false},{"Time":"2019-04-02T05:17:50","Situation":"trend","Type":"ask","Price":0.11500000,"Amount":88436.30000000,"Done":false},{"Time":"2019-04-02T05:17:50","Situation":"trend","Type":"ask","Price":0.11593000,"Amount":101921.00000000,"Done":false},{"Time":"2019-04-02T05:17:50","Situation":"trend","Type":"ask","Price":0.11598000,"Amount":204406.50000000,"Done":false},{"Time":"2019-04-02T05:19:50","Situation":"trend","Type":"ask","Price":0.11593000,"Amount":101921.00000000,"Done":false},{"Time":"2019-04-02T05:19:50","Situation":"trend","Type":"ask","Price":0.11683000,"Amount":203738.00000000,"Done":false},{"Time":"2019-04-02T05:19:50","Situation":"trend","Type":"ask","Price":0.11700000,"Amount":350980.70000000,"Done":false},{"Time":"2019-04-02T05:19:50","Situation":"trend","Type":"ask","Price":0.11713000,"Amount":153183.80000000,"Done":false},{"Time":"2019-04-02T05:19:50","Situation":"trend","Type":"ask","Price":0.11400000,"Amount":172599.40000000,"Done":true},{"Time":"2019-04-02T05:19:50","Situation":"trend","Type":"ask","Price":0.11500000,"Amount":88436.30000000,"Done":true},{"Time":"2019-04-02T05:19:50","Situation":"trend","Type":"ask","Price":0.11548000,"Amount":203738.00000000,"Done":true},{"Time":"2019-04-02T05:22:14","Situation":"trend","Type":"ask","Price":0.11527000,"Amount":87661.50000000,"Done":false},{"Time":"2019-04-02T05:22:14","Situation":"trend","Type":"ask","Price":0.11624000,"Amount":203738.00000000,"Done":false},{"Time":"2019-04-02T05:22:14","Situation":"trend","Type":"ask","Price":0.11700000,"Amount":350980.70000000,"Done":false},{"Time":"2019-04-02T05:22:14","Situation":"trend","Type":"ask","Price":0.11713000,"Amount":153183.80000000,"Done":false},{"Time":"2019-04-02T05:22:14","Situation":"trend","Type":"ask","Price":0.11400000,"Amount":172599.40000000,"Done":true},{"Time":"2019-04-02T05:22:14","Situation":"trend","Type":"ask","Price":0.11500000,"Amount":88436.30000000,"Done":true},{"Time":"2019-04-02T05:22:14","Situation":"trend","Type":"ask","Price":0.11548000,"Amount":203738.00000000,"Done":true},{"Time":"2019-04-02T05:22:14","Situation":"trend","Type":"ask","Price":0.11593000,"Amount":101921.00000000,"Done":true},{"Time":"2019-04-02T05:22:59","Situation":"trend","Type":"ask","Price":0.11689000,"Amount":203738.00000000,"Done":false},{"Time":"2019-04-02T05:22:59","Situation":"trend","Type":"ask","Price":0.11700000,"Amount":350980.70000000,"Done":false},{"Time":"2019-04-02T05:22:59","Situation":"trend","Type":"ask","Price":0.11713000,"Amount":153183.80000000,"Done":false},{"Time":"2019-04-02T05:22:59","Situation":"trend","Type":"ask","Price":0.11800000,"Amount":207160.20000000,"Done":false},{"Time":"2019-04-02T05:22:59","Situation":"trend","Type":"ask","Price":0.11400000,"Amount":172599.40000000,"Done":true},{"Time":"2019-04-02T05:22:59","Situation":"trend","Type":"ask","Price":0.11500000,"Amount":88436.30000000,"Done":true},{"Time":"2019-04-02T05:22:59","Situation":"trend","Type":"ask","Price":0.11548000,"Amount":203738.00000000,"Done":true},{"Time":"2019-04-02T05:22:59","Situation":"trend","Type":"ask","Price":0.11593000,"Amount":101921.00000000,"Done":true},{"Time":"2019-04-02T05:24:00","Situation":"trend","Type":"ask","Price":0.11700000,"Amount":349981.70000000,"Done":false},{"Time":"2019-04-02T05:24:00","Situation":"trend","Type":"ask","Price":0.11713000,"Amount":153183.80000000,"Done":false},{"Time":"2019-04-02T05:24:00","Situation":"trend","Type":"ask","Price":0.11800000,"Amount":207160.20000000,"Done":false},{"Time":"2019-04-02T05:25:30","Situation":"trend","Type":"ask","Price":0.11700000,"Amount":341799.90000000,"Done":false},{"Time":"2019-04-02T05:25:30","Situation":"trend","Type":"ask","Price":0.11713000,"Amount":153183.80000000,"Done":false},{"Time":"2019-04-02T05:25:59","Situation":"trend","Type":"ask","Price":0.11491000,"Amount":203738.00000000,"Done":false},{"Time":"2019-04-02T05:25:59","Situation":"trend","Type":"ask","Price":0.11700000,"Amount":341799.90000000,"Done":false},{"Time":"2019-04-02T05:25:59","Situation":"trend","Type":"ask","Price":0.11713000,"Amount":153183.80000000,"Done":false},{"Time":"2019-04-02T05:27:28","Situation":"trend","Type":"ask","Price":0.11491000,"Amount":203738.00000000,"Done":false},{"Time":"2019-04-02T05:27:28","Situation":"trend","Type":"ask","Price":0.11700000,"Amount":341799.90000000,"Done":false},{"Time":"2019-04-02T05:27:28","Situation":"trend","Type":"ask","Price":0.11713000,"Amount":153183.80000000,"Done":false},{"Time":"2019-04-02T05:28:34","Situation":"trend","Type":"ask","Price":0.11533000,"Amount":205474.00000000,"Done":false},{"Time":"2019-04-02T05:28:34","Situation":"trend","Type":"ask","Price":0.11700000,"Amount":341799.90000000,"Done":false},{"Time":"2019-04-02T05:28:34","Situation":"trend","Type":"ask","Price":0.11713000,"Amount":153183.80000000,"Done":false},{"Time":"2019-04-02T05:32:21","Situation":"trend","Type":"ask","Price":0.11567000,"Amount":203738.00000000,"Done":false},{"Time":"2019-04-02T05:32:21","Situation":"trend","Type":"ask","Price":0.11700000,"Amount":341799.90000000,"Done":false},{"Time":"2019-04-02T05:32:21","Situation":"trend","Type":"ask","Price":0.11713000,"Amount":153183.80000000,"Done":false},{"Time":"2019-04-02T05:32:21","Situation":"trend","Type":"ask","Price":0.11747000,"Amount":101869.00000000,"Done":false},{"Time":"2019-04-02T05:33:04","Situation":"trend","Type":"ask","Price":0.11521000,"Amount":203738.00000000,"Done":false},{"Time":"2019-04-02T05:33:04","Situation":"trend","Type":"ask","Price":0.11700000,"Amount":341799.90000000,"Done":false},{"Time":"2019-04-02T05:33:04","Situation":"trend","Type":"ask","Price":0.11713000,"Amount":153183.80000000,"Done":false},{"Time":"2019-04-02T05:35:09","Situation":"trend","Type":"ask","Price":0.11525000,"Amount":203738.00000000,"Done":false},{"Time":"2019-04-02T05:35:09","Situation":"trend","Type":"ask","Price":0.11700000,"Amount":341799.90000000,"Done":false},{"Time":"2019-04-02T05:35:09","Situation":"trend","Type":"ask","Price":0.11713000,"Amount":153183.80000000,"Done":false},{"Time":"2019-04-02T05:35:39","Situation":"trend","Type":"ask","Price":0.11382000,"Amount":203738.00000000,"Done":false},{"Time":"2019-04-02T05:35:39","Situation":"trend","Type":"ask","Price":0.11615000,"Amount":92790.00000000,"Done":false},{"Time":"2019-04-02T05:35:39","Situation":"trend","Type":"ask","Price":0.11700000,"Amount":341799.90000000,"Done":false},{"Time":"2019-04-02T05:36:44","Situation":"trend","Type":"ask","Price":0.11382000,"Amount":203738.00000000,"Done":false},{"Time":"2019-04-02T05:36:44","Situation":"trend","Type":"ask","Price":0.11615000,"Amount":91411.00000000,"Done":false},{"Time":"2019-04-02T05:36:44","Situation":"trend","Type":"ask","Price":0.11700000,"Amount":341799.90000000,"Done":false},{"Time":"2019-04-02T05:36:44","Situation":"trend","Type":"ask","Price":0.11713000,"Amount":153183.80000000,"Done":false},{"Time":"2019-04-02T05:36:59","Situation":"trend","Type":"ask","Price":0.11382000,"Amount":203738.00000000,"Done":false},{"Time":"2019-04-02T05:36:59","Situation":"trend","Type":"ask","Price":0.11615000,"Amount":91411.00000000,"Done":false},{"Time":"2019-04-02T05:36:59","Situation":"trend","Type":"ask","Price":0.11700000,"Amount":341799.90000000,"Done":false},{"Time":"2019-04-02T05:36:59","Situation":"trend","Type":"ask","Price":0.11713000,"Amount":153183.80000000,"Done":false},{"Time":"2019-04-02T05:37:24","Situation":"trend","Type":"ask","Price":0.11429000,"Amount":203738.00000000,"Done":false},{"Time":"2019-04-02T05:37:24","Situation":"trend","Type":"ask","Price":0.11615000,"Amount":91411.00000000,"Done":false},{"Time":"2019-04-02T05:37:24","Situation":"trend","Type":"ask","Price":0.11700000,"Amount":341799.90000000,"Done":false},{"Time":"2019-04-02T05:37:24","Situation":"trend","Type":"ask","Price":0.11713000,"Amount":153183.80000000,"Done":false},{"Time":"2019-04-02T05:38:20","Situation":"trend","Type":"ask","Price":0.11429000,"Amount":203738.00000000,"Done":false},{"Time":"2019-04-02T05:38:20","Situation":"trend","Type":"ask","Price":0.11615000,"Amount":91411.00000000,"Done":false},{"Time":"2019-04-02T05:38:20","Situation":"trend","Type":"ask","Price":0.11700000,"Amount":341799.90000000,"Done":false},{"Time":"2019-04-02T05:38:20","Situation":"trend","Type":"ask","Price":0.11713000,"Amount":153183.80000000,"Done":false},{"Time":"2019-04-02T05:40:04","Situation":"trend","Type":"ask","Price":0.11389000,"Amount":203738.00000000,"Done":false},{"Time":"2019-04-02T05:40:04","Situation":"trend","Type":"ask","Price":0.11553000,"Amount":84248.00000000,"Done":false},{"Time":"2019-04-02T05:40:04","Situation":"trend","Type":"ask","Price":0.11700000,"Amount":344072.30000000,"Done":false},{"Time":"2019-04-02T05:40:04","Situation":"trend","Type":"ask","Price":0.11713000,"Amount":153183.80000000,"Done":false},{"Time":"2019-04-02T05:40:59","Situation":"trend","Type":"ask","Price":0.11389000,"Amount":203738.00000000,"Done":false},{"Time":"2019-04-02T05:43:29","Situation":"trend","Type":"ask","Price":0.11389000,"Amount":203738.00000000,"Done":false},{"Time":"2019-04-02T05:43:29","Situation":"trend","Type":"ask","Price":0.11700000,"Amount":341799.90000000,"Done":false},{"Time":"2019-04-02T05:43:29","Situation":"trend","Type":"ask","Price":0.11713000,"Amount":153183.80000000,"Done":false},{"Time":"2019-04-02T05:48:10","Situation":"trend","Type":"ask","Price":0.11500000,"Amount":305837.80000000,"Done":false},{"Time":"2019-04-02T05:48:10","Situation":"trend","Type":"ask","Price":0.11531000,"Amount":203738.00000000,"Done":false},{"Time":"2019-04-02T05:48:10","Situation":"trend","Type":"ask","Price":0.11700000,"Amount":341799.90000000,"Done":false},{"Time":"2019-04-02T05:48:10","Situation":"trend","Type":"ask","Price":0.11713000,"Amount":153183.80000000,"Done":false},{"Time":"2019-04-02T05:49:25","Situation":"trend","Type":"ask","Price":0.11497000,"Amount":203738.00000000,"Done":false},{"Time":"2019-04-02T05:49:25","Situation":"trend","Type":"ask","Price":0.11500000,"Amount":303837.80000000,"Done":false},{"Time":"2019-04-02T05:49:25","Situation":"trend","Type":"ask","Price":0.11700000,"Amount":341799.90000000,"Done":false},{"Time":"2019-04-02T05:49:25","Situation":"trend","Type":"ask","Price":0.11713000,"Amount":153183.80000000,"Done":false},{"Time":"2019-04-02T05:50:49","Situation":"trend","Type":"ask","Price":0.11400000,"Amount":273589.50000000,"Done":false},{"Time":"2019-04-02T05:50:49","Situation":"trend","Type":"ask","Price":0.11401000,"Amount":203738.00000000,"Done":false},{"Time":"2019-04-02T05:52:19","Situation":"trend","Type":"ask","Price":0.11305000,"Amount":233417.50000000,"Done":false},{"Time":"2019-04-02T05:52:19","Situation":"trend","Type":"ask","Price":0.11400000,"Amount":273589.50000000,"Done":false},{"Time":"2019-04-02T05:52:59","Situation":"trend","Type":"ask","Price":0.11305000,"Amount":203738.00000000,"Done":false},{"Time":"2019-04-02T05:52:59","Situation":"trend","Type":"ask","Price":0.11400000,"Amount":273589.50000000,"Done":false},{"Time":"2019-04-02T05:53:38","Situation":"trend","Type":"ask","Price":0.11400000,"Amount":273589.50000000,"Done":false},{"Time":"2019-04-02T05:53:38","Situation":"trend","Type":"ask","Price":0.11407000,"Amount":203738.00000000,"Done":false},{"Time":"2019-04-02T05:54:04","Situation":"trend","Type":"ask","Price":0.11400000,"Amount":273589.50000000,"Done":false},{"Time":"2019-04-02T05:54:04","Situation":"trend","Type":"ask","Price":0.11488000,"Amount":203738.00000000,"Done":false},{"Time":"2019-04-02T05:54:04","Situation":"trend","Type":"ask","Price":0.11700000,"Amount":342936.10000000,"Done":false},{"Time":"2019-04-02T05:54:04","Situation":"trend","Type":"ask","Price":0.11713000,"Amount":153183.80000000,"Done":false},{"Time":"2019-04-02T05:55:04","Situation":"trend","Type":"ask","Price":0.11400000,"Amount":273589.50000000,"Done":false},{"Time":"2019-04-02T05:55:04","Situation":"trend","Type":"ask","Price":0.11420000,"Amount":203738.00000000,"Done":false},{"Time":"2019-04-02T05:55:04","Situation":"trend","Type":"ask","Price":0.11594000,"Amount":88319.00000000,"Done":false},{"Time":"2019-04-02T05:57:45","Situation":"trend","Type":"ask","Price":0.11429000,"Amount":203738.00000000,"Done":false},{"Time":"2019-04-02T05:57:45","Situation":"trend","Type":"ask","Price":0.11543000,"Amount":88319.00000000,"Done":false},{"Time":"2019-04-02T06:01:20","Situation":"trend","Type":"ask","Price":0.11380000,"Amount":171860.20000000,"Done":false},{"Time":"2019-04-02T06:01:20","Situation":"trend","Type":"ask","Price":0.11465000,"Amount":203738.00000000,"Done":false},{"Time":"2019-04-02T06:01:20","Situation":"trend","Type":"ask","Price":0.11610000,"Amount":92319.00000000,"Done":false},{"Time":"2019-04-02T06:05:00","Situation":"trend","Type":"ask","Price":0.11441000,"Amount":204179.80000000,"Done":false},{"Time":"2019-04-02T06:05:00","Situation":"trend","Type":"ask","Price":0.11610000,"Amount":90410.00000000,"Done":false},{"Time":"2019-04-02T06:07:44","Situation":"trend","Type":"ask","Price":0.11366000,"Amount":99073.80000000,"Done":false},{"Time":"2019-04-02T06:07:44","Situation":"trend","Type":"ask","Price":0.11442000,"Amount":203738.00000000,"Done":false},{"Time":"2019-04-02T06:07:44","Situation":"trend","Type":"ask","Price":0.11552000,"Amount":86410.00000000,"Done":false},{"Time":"2019-04-02T06:09:51","Situation":"trend","Type":"ask","Price":0.11456000,"Amount":203738.00000000,"Done":false},{"Time":"2019-04-02T06:09:51","Situation":"trend","Type":"ask","Price":0.11559000,"Amount":86410.00000000,"Done":false},{"Time":"2019-04-02T06:12:34","Situation":"trend","Type":"ask","Price":0.11466000,"Amount":203738.00000000,"Done":false},{"Time":"2019-04-02T06:12:34","Situation":"trend","Type":"ask","Price":0.11559000,"Amount":80930.00000000,"Done":false},{"Time":"2019-04-02T06:12:34","Situation":"trend","Type":"ask","Price":0.11700000,"Amount":310899.80000000,"Done":false},{"Time":"2019-04-02T06:15:28","Situation":"trend","Type":"ask","Price":0.11506000,"Amount":203738.00000000,"Done":false},{"Time":"2019-04-02T06:15:28","Situation":"trend","Type":"ask","Price":0.11614000,"Amount":91180.00000000,"Done":false},{"Time":"2019-04-02T06:15:28","Situation":"trend","Type":"ask","Price":0.11700000,"Amount":310899.80000000,"Done":false},{"Time":"2019-04-02T06:15:28","Situation":"trend","Type":"ask","Price":0.11713000,"Amount":153183.80000000,"Done":false},{"Time":"2019-04-02T06:20:29","Situation":"flat","Type":"ask","Price":0.11514000,"Amount":205898.80000000,"Done":false},{"Time":"2019-04-02T06:20:29","Situation":"flat","Type":"ask","Price":0.11540000,"Amount":134930.00000000,"Done":false},{"Time":"2019-04-02T06:20:29","Situation":"flat","Type":"ask","Price":0.11590000,"Amount":160192.10000000,"Done":false},{"Time":"2019-04-02T06:20:29","Situation":"flat","Type":"ask","Price":0.11665000,"Amount":90307.00000000,"Done":false},{"Time":"2019-04-02T06:25:33","Situation":"flat","Type":"ask","Price":0.11516000,"Amount":203850.90000000,"Done":false},{"Time":"2019-04-02T06:25:33","Situation":"flat","Type":"ask","Price":0.11540000,"Amount":132930.00000000,"Done":false},{"Time":"2019-04-02T06:25:33","Situation":"flat","Type":"ask","Price":0.11590000,"Amount":160192.10000000,"Done":false},{"Time":"2019-04-02T06:25:33","Situation":"flat","Type":"ask","Price":0.11700000,"Amount":287982.10000000,"Done":false},{"Time":"2019-04-02T06:25:33","Situation":"flat","Type":"ask","Price":0.11713000,"Amount":153183.80000000,"Done":false},{"Time":"2019-04-02T06:26:52","Situation":"trend","Type":"ask","Price":0.11540000,"Amount":132930.00000000,"Done":false},{"Time":"2019-04-02T06:26:52","Situation":"trend","Type":"ask","Price":0.11553000,"Amount":203738.00000000,"Done":false},{"Time":"2019-04-02T06:26:52","Situation":"trend","Type":"ask","Price":0.11590000,"Amount":162192.10000000,"Done":false},{"Time":"2019-04-02T06:26:52","Situation":"trend","Type":"ask","Price":0.11700000,"Amount":287982.10000000,"Done":false},{"Time":"2019-04-02T06:26:52","Situation":"trend","Type":"ask","Price":0.11713000,"Amount":153183.80000000,"Done":false},{"Time":"2019-04-02T06:28:08","Situation":"trend","Type":"ask","Price":0.11540000,"Amount":132930.00000000,"Done":false},{"Time":"2019-04-02T06:28:08","Situation":"trend","Type":"ask","Price":0.11590000,"Amount":162060.10000000,"Done":false},{"Time":"2019-04-02T06:28:08","Situation":"trend","Type":"ask","Price":0.11597000,"Amount":203867.80000000,"Done":false},{"Time":"2019-04-02T06:28:08","Situation":"trend","Type":"ask","Price":0.11700000,"Amount":287982.10000000,"Done":false},{"Time":"2019-04-02T06:28:08","Situation":"trend","Type":"ask","Price":0.11713000,"Amount":153183.80000000,"Done":false},{"Time":"2019-04-02T06:28:08","Situation":"trend","Type":"ask","Price":0.11516000,"Amount":203850.90000000,"Done":true},{"Time":"2019-04-02T06:31:54","Situation":"trend","Type":"ask","Price":0.11590000,"Amount":160192.10000000,"Done":false},{"Time":"2019-04-02T06:31:54","Situation":"trend","Type":"ask","Price":0.11642000,"Amount":203790.00000000,"Done":false},{"Time":"2019-04-02T06:31:54","Situation":"trend","Type":"ask","Price":0.11700000,"Amount":287982.10000000,"Done":false},{"Time":"2019-04-02T06:31:54","Situation":"trend","Type":"ask","Price":0.11713000,"Amount":153183.80000000,"Done":false},{"Time":"2019-04-02T06:31:54","Situation":"trend","Type":"ask","Price":0.11781000,"Amount":88624.00000000,"Done":false},{"Time":"2019-04-02T06:31:54","Situation":"trend","Type":"ask","Price":0.11800000,"Amount":191242.10000000,"Done":false},{"Time":"2019-04-02T06:31:54","Situation":"trend","Type":"ask","Price":0.11516000,"Amount":203850.90000000,"Done":true},{"Time":"2019-04-02T06:31:54","Situation":"trend","Type":"ask","Price":0.11540000,"Amount":132930.00000000,"Done":true},{"Time":"2019-04-02T06:36:54","Situation":"flat","Type":"ask","Price":0.11590000,"Amount":156572.70000000,"Done":false},{"Time":"2019-04-02T06:36:54","Situation":"flat","Type":"ask","Price":0.11679000,"Amount":204169.90000000,"Done":false},{"Time":"2019-04-02T06:36:54","Situation":"flat","Type":"ask","Price":0.11700000,"Amount":311246.10000000,"Done":false},{"Time":"2019-04-02T06:36:54","Situation":"flat","Type":"ask","Price":0.11713000,"Amount":153183.80000000,"Done":false},{"Time":"2019-04-02T06:36:54","Situation":"flat","Type":"ask","Price":0.11781000,"Amount":101791.00000000,"Done":false},{"Time":"2019-04-02T06:36:54","Situation":"flat","Type":"ask","Price":0.11800000,"Amount":205294.90000000,"Done":false},{"Time":"2019-04-02T06:37:49","Situation":"trend","Type":"ask","Price":0.11679000,"Amount":203738.00000000,"Done":false},{"Time":"2019-04-02T06:37:49","Situation":"trend","Type":"ask","Price":0.11700000,"Amount":311246.10000000,"Done":false},{"Time":"2019-04-02T06:37:49","Situation":"trend","Type":"ask","Price":0.11713000,"Amount":153183.80000000,"Done":false},{"Time":"2019-04-02T06:37:49","Situation":"trend","Type":"ask","Price":0.11781000,"Amount":101791.00000000,"Done":false},{"Time":"2019-04-02T06:37:49","Situation":"trend","Type":"ask","Price":0.11800000,"Amount":205294.90000000,"Done":false},{"Time":"2019-04-02T06:39:54","Situation":"trend","Type":"ask","Price":0.11700000,"Amount":310996.10000000,"Done":false},{"Time":"2019-04-02T06:39:54","Situation":"trend","Type":"ask","Price":0.11713000,"Amount":153183.80000000,"Done":false},{"Time":"2019-04-02T06:39:54","Situation":"trend","Type":"ask","Price":0.11719000,"Amount":203738.00000000,"Done":false},{"Time":"2019-04-02T06:39:54","Situation":"trend","Type":"ask","Price":0.11800000,"Amount":205044.90000000,"Done":false},{"Time":"2019-04-02T06:39:54","Situation":"trend","Type":"ask","Price":0.11852000,"Amount":86743.00000000,"Done":false},{"Time":"2019-04-02T06:39:54","Situation":"trend","Type":"ask","Price":0.11590000,"Amount":156572.70000000,"Done":true},{"Time":"2019-04-02T06:39:54","Situation":"trend","Type":"ask","Price":0.11679000,"Amount":204169.90000000,"Done":true},{"Time":"2019-04-02T06:39:54","Situation":"trend","Type":"ask","Price":0.11781000,"Amount":101791.00000000,"Done":true},{"Time":"2019-04-02T06:43:09","Situation":"trend","Type":"ask","Price":0.11700000,"Amount":305922.30000000,"Done":false},{"Time":"2019-04-02T06:43:09","Situation":"trend","Type":"ask","Price":0.11713000,"Amount":153183.80000000,"Done":false},{"Time":"2019-04-02T06:43:09","Situation":"trend","Type":"ask","Price":0.11755000,"Amount":203738.00000000,"Done":false},{"Time":"2019-04-02T06:43:09","Situation":"trend","Type":"ask","Price":0.11800000,"Amount":206044.90000000,"Done":false},{"Time":"2019-04-02T06:43:09","Situation":"trend","Type":"ask","Price":0.11852000,"Amount":86743.00000000,"Done":false},{"Time":"2019-04-02T06:43:09","Situation":"trend","Type":"ask","Price":0.11900000,"Amount":203833.70000000,"Done":false},{"Time":"2019-04-02T06:43:09","Situation":"trend","Type":"ask","Price":0.11590000,"Amount":156572.70000000,"Done":true},{"Time":"2019-04-02T06:43:09","Situation":"trend","Type":"ask","Price":0.11679000,"Amount":204169.90000000,"Done":true},{"Time":"2019-04-02T06:43:09","Situation":"trend","Type":"ask","Price":0.11781000,"Amount":101791.00000000,"Done":true},{"Time":"2019-04-02T06:46:05","Situation":"trend","Type":"ask","Price":0.11798000,"Amount":203738.00000000,"Done":false},{"Time":"2019-04-02T06:46:05","Situation":"trend","Type":"ask","Price":0.11800000,"Amount":134799.50000000,"Done":false},{"Time":"2019-04-02T06:46:05","Situation":"trend","Type":"ask","Price":0.11900000,"Amount":203833.70000000,"Done":false},{"Time":"2019-04-02T06:46:05","Situation":"trend","Type":"ask","Price":0.11907000,"Amount":80813.00000000,"Done":false},{"Time":"2019-04-02T06:49:30","Situation":"trend","Type":"ask","Price":0.11763000,"Amount":203738.00000000,"Done":false},{"Time":"2019-04-02T06:49:30","Situation":"trend","Type":"ask","Price":0.11800000,"Amount":139500.50000000,"Done":false},{"Time":"2019-04-02T06:49:30","Situation":"trend","Type":"ask","Price":0.11900000,"Amount":203833.70000000,"Done":false},{"Time":"2019-04-02T06:49:30","Situation":"trend","Type":"ask","Price":0.11907000,"Amount":87106.00000000,"Done":false},{"Time":"2019-04-02T06:51:55","Situation":"trend","Type":"ask","Price":0.11728000,"Amount":203738.00000000,"Done":false},{"Time":"2019-04-02T06:51:55","Situation":"trend","Type":"ask","Price":0.11800000,"Amount":132931.50000000,"Done":false},{"Time":"2019-04-02T06:51:55","Situation":"trend","Type":"ask","Price":0.11852000,"Amount":92317.00000000,"Done":false},{"Time":"2019-04-02T06:51:55","Situation":"trend","Type":"ask","Price":0.11900000,"Amount":192976.20000000,"Done":false},{"Time":"2019-04-02T06:54:20","Situation":"trend","Type":"ask","Price":0.11719000,"Amount":175138.50000000,"Done":false},{"Time":"2019-04-02T06:54:20","Situation":"trend","Type":"ask","Price":0.11800000,"Amount":134931.50000000,"Done":false},{"Time":"2019-04-02T06:54:20","Situation":"trend","Type":"ask","Price":0.11805000,"Amount":203738.00000000,"Done":false},{"Time":"2019-04-02T06:54:20","Situation":"trend","Type":"ask","Price":0.11900000,"Amount":192976.20000000,"Done":false},{"Time":"2019-04-02T06:54:20","Situation":"trend","Type":"ask","Price":0.11916000,"Amount":92265.00000000,"Done":false},{"Time":"2019-04-02T06:56:39","Situation":"trend","Type":"ask","Price":0.11754000,"Amount":203790.00000000,"Done":false},{"Time":"2019-04-02T06:56:39","Situation":"trend","Type":"ask","Price":0.11790000,"Amount":161397.60000000,"Done":false},{"Time":"2019-04-02T06:56:39","Situation":"trend","Type":"ask","Price":0.11800000,"Amount":118878.70000000,"Done":false},{"Time":"2019-04-02T06:56:39","Situation":"trend","Type":"ask","Price":0.11900000,"Amount":207029.00000000,"Done":false},{"Time":"2019-04-02T07:01:39","Situation":"flat","Type":"ask","Price":0.11790000,"Amount":365135.60000000,"Done":false},{"Time":"2019-04-02T07:01:39","Situation":"flat","Type":"ask","Price":0.11800000,"Amount":121633.80000000,"Done":false},{"Time":"2019-04-02T07:01:39","Situation":"flat","Type":"ask","Price":0.11900000,"Amount":207029.00000000,"Done":false},{"Time":"2019-04-02T07:01:39","Situation":"flat","Type":"ask","Price":0.11916000,"Amount":92265.00000000,"Done":false},{"Time":"2019-04-02T07:06:40","Situation":"flat","Type":"ask","Price":0.11763000,"Amount":203738.00000000,"Done":false},{"Time":"2019-04-02T07:06:40","Situation":"flat","Type":"ask","Price":0.11790000,"Amount":161397.60000000,"Done":false},{"Time":"2019-04-02T07:06:40","Situation":"flat","Type":"ask","Price":0.11800000,"Amount":121633.80000000,"Done":false},{"Time":"2019-04-02T07:06:40","Situation":"flat","Type":"ask","Price":0.11900000,"Amount":207029.00000000,"Done":false},{"Time":"2019-04-02T07:11:40","Situation":"flat","Type":"ask","Price":0.11728000,"Amount":203738.00000000,"Done":false},{"Time":"2019-04-02T07:11:40","Situation":"flat","Type":"ask","Price":0.11790000,"Amount":161397.60000000,"Done":false},{"Time":"2019-04-02T07:11:40","Situation":"flat","Type":"ask","Price":0.11800000,"Amount":121633.80000000,"Done":false},{"Time":"2019-04-02T07:11:40","Situation":"flat","Type":"ask","Price":0.11863000,"Amount":92265.00000000,"Done":false},{"Time":"2019-04-02T07:16:44","Situation":"flat","Type":"ask","Price":0.11765000,"Amount":203857.00000000,"Done":false},{"Time":"2019-04-02T07:16:44","Situation":"flat","Type":"ask","Price":0.11790000,"Amount":161397.60000000,"Done":false},{"Time":"2019-04-02T07:16:44","Situation":"flat","Type":"ask","Price":0.11800000,"Amount":121633.80000000,"Done":false},{"Time":"2019-04-02T07:19:15","Situation":"trend","Type":"ask","Price":0.11765000,"Amount":203857.00000000,"Done":false},{"Time":"2019-04-02T07:19:15","Situation":"trend","Type":"ask","Price":0.11790000,"Amount":161397.60000000,"Done":false},{"Time":"2019-04-02T07:19:15","Situation":"trend","Type":"ask","Price":0.11800000,"Amount":121633.80000000,"Done":false},{"Time":"2019-04-02T07:19:15","Situation":"trend","Type":"ask","Price":0.11865000,"Amount":134406.20000000,"Done":false},{"Time":"2019-04-02T07:24:15","Situation":"flat","Type":"ask","Price":0.11694000,"Amount":203861.00000000,"Done":false},{"Time":"2019-04-02T07:24:15","Situation":"flat","Type":"ask","Price":0.11800000,"Amount":123403.90000000,"Done":false},{"Time":"2019-04-02T07:24:15","Situation":"flat","Type":"ask","Price":0.11815000,"Amount":92265.00000000,"Done":false},{"Time":"2019-04-02T07:29:15","Situation":"flat","Type":"ask","Price":0.11705000,"Amount":203738.00000000,"Done":false},{"Time":"2019-04-02T07:29:15","Situation":"flat","Type":"ask","Price":0.11800000,"Amount":121633.80000000,"Done":false},{"Time":"2019-04-02T07:29:15","Situation":"flat","Type":"ask","Price":0.11819000,"Amount":91687.00000000,"Done":false},{"Time":"2019-04-02T07:32:10","Situation":"trend","Type":"ask","Price":0.11670000,"Amount":203738.00000000,"Done":false},{"Time":"2019-04-02T07:32:10","Situation":"trend","Type":"ask","Price":0.11772000,"Amount":91635.00000000,"Done":false},{"Time":"2019-04-02T07:32:10","Situation":"trend","Type":"ask","Price":0.11800000,"Amount":118134.40000000,"Done":false},{"Time":"2019-04-02T07:32:10","Situation":"trend","Type":"ask","Price":0.11694000,"Amount":203861.00000000,"Done":true},{"Time":"2019-04-02T07:32:10","Situation":"trend","Type":"ask","Price":0.11815000,"Amount":92265.00000000,"Done":true},{"Time":"2019-04-02T07:34:30","Situation":"trend","Type":"ask","Price":0.11670000,"Amount":203738.00000000,"Done":false},{"Time":"2019-04-02T07:34:30","Situation":"trend","Type":"ask","Price":0.11772000,"Amount":101869.00000000,"Done":false},{"Time":"2019-04-02T07:34:30","Situation":"trend","Type":"ask","Price":0.11800000,"Amount":118134.40000000,"Done":false},{"Time":"2019-04-02T07:34:30","Situation":"trend","Type":"ask","Price":0.11705000,"Amount":203738.00000000,"Done":true},{"Time":"2019-04-02T07:34:30","Situation":"trend","Type":"ask","Price":0.11819000,"Amount":91687.00000000,"Done":true},{"Time":"2019-04-02T07:39:30","Situation":"flat","Type":"ask","Price":0.11660000,"Amount":88037.30000000,"Done":false},{"Time":"2019-04-02T07:39:30","Situation":"flat","Type":"ask","Price":0.11677000,"Amount":203738.00000000,"Done":false},{"Time":"2019-04-02T07:39:30","Situation":"flat","Type":"ask","Price":0.11783000,"Amount":103479.90000000,"Done":false},{"Time":"2019-04-02T07:39:30","Situation":"flat","Type":"ask","Price":0.11800000,"Amount":118134.40000000,"Done":false},{"Time":"2019-04-02T07:43:28","Situation":"trend","Type":"ask","Price":0.11660000,"Amount":88037.30000000,"Done":false},{"Time":"2019-04-02T07:43:28","Situation":"trend","Type":"ask","Price":0.11677000,"Amount":203738.00000000,"Done":false},{"Time":"2019-04-02T07:43:28","Situation":"trend","Type":"ask","Price":0.11783000,"Amount":103479.90000000,"Done":false},{"Time":"2019-04-02T07:43:28","Situation":"trend","Type":"ask","Price":0.11800000,"Amount":128434.40000000,"Done":false},{"Time":"2019-04-02T07:48:29","Situation":"flat","Type":"ask","Price":0.11660000,"Amount":88037.30000000,"Done":false},{"Time":"2019-04-02T07:48:29","Situation":"flat","Type":"ask","Price":0.11715000,"Amount":203910.80000000,"Done":false},{"Time":"2019-04-02T07:48:29","Situation":"flat","Type":"ask","Price":0.11800000,"Amount":116932.90000000,"Done":false},{"Time":"2019-04-02T07:48:29","Situation":"flat","Type":"ask","Price":0.11832000,"Amount":101869.00000000,"Done":false},{"Time":"2019-04-02T07:53:29","Situation":"flat","Type":"ask","Price":0.11660000,"Amount":88037.30000000,"Done":false},{"Time":"2019-04-02T07:53:29","Situation":"flat","Type":"ask","Price":0.11680000,"Amount":203738.00000000,"Done":false},{"Time":"2019-04-02T07:53:29","Situation":"flat","Type":"ask","Price":0.11785000,"Amount":101869.00000000,"Done":false},{"Time":"2019-04-02T07:55:45","Situation":"trend","Type":"ask","Price":0.11660000,"Amount":88037.30000000,"Done":false},{"Time":"2019-04-02T07:55:45","Situation":"trend","Type":"ask","Price":0.11680000,"Amount":203738.00000000,"Done":false},{"Time":"2019-04-02T07:55:45","Situation":"trend","Type":"ask","Price":0.11785000,"Amount":101869.00000000,"Done":false},{"Time":"2019-04-02T07:55:45","Situation":"trend","Type":"ask","Price":0.11715000,"Amount":203910.80000000,"Done":true},{"Time":"2019-04-02T07:55:45","Situation":"trend","Type":"ask","Price":0.11800000,"Amount":116932.90000000,"Done":true},{"Time":"2019-04-02T07:55:45","Situation":"trend","Type":"ask","Price":0.11832000,"Amount":101869.00000000,"Done":true},{"Time":"2019-04-02T08:00:45","Situation":"flat","Type":"ask","Price":0.11641000,"Amount":203748.00000000,"Done":false},{"Time":"2019-04-02T08:00:45","Situation":"flat","Type":"ask","Price":0.11660000,"Amount":88037.30000000,"Done":false},{"Time":"2019-04-02T08:00:45","Situation":"flat","Type":"ask","Price":0.11785000,"Amount":101869.00000000,"Done":false},{"Time":"2019-04-02T08:03:56","Situation":"trend","Type":"ask","Price":0.11660000,"Amount":88037.30000000,"Done":false},{"Time":"2019-04-02T08:03:56","Situation":"trend","Type":"ask","Price":0.11677000,"Amount":203738.00000000,"Done":false},{"Time":"2019-04-02T08:03:56","Situation":"trend","Type":"ask","Price":0.11785000,"Amount":101869.00000000,"Done":false},{"Time":"2019-04-02T08:09:00","Situation":"flat","Type":"ask","Price":0.11660000,"Amount":88037.30000000,"Done":false},{"Time":"2019-04-02T08:09:00","Situation":"flat","Type":"ask","Price":0.11724000,"Amount":203738.00000000,"Done":false},{"Time":"2019-04-02T08:09:00","Situation":"flat","Type":"ask","Price":0.11841000,"Amount":101869.00000000,"Done":false},{"Time":"2019-04-02T08:09:47","Situation":"trend","Type":"ask","Price":0.11724000,"Amount":203738.00000000,"Done":false},{"Time":"2019-04-02T08:09:47","Situation":"trend","Type":"ask","Price":0.11841000,"Amount":101869.00000000,"Done":false},{"Time":"2019-04-02T08:14:51","Situation":"flat","Type":"ask","Price":0.11730000,"Amount":211271.00000000,"Done":false},{"Time":"2019-04-02T08:14:51","Situation":"flat","Type":"ask","Price":0.11842000,"Amount":102021.00000000,"Done":false},{"Time":"2019-04-02T08:17:00","Situation":"trend","Type":"ask","Price":0.11768000,"Amount":203738.00000000,"Done":false},{"Time":"2019-04-02T08:22:05","Situation":"flat","Type":"ask","Price":0.11768000,"Amount":203738.00000000,"Done":false},{"Time":"2019-04-02T08:27:09","Situation":"flat","Type":"ask","Price":0.11822000,"Amount":204128.00000000,"Done":false},{"Time":"2019-04-02T08:32:13","Situation":"flat","Type":"ask","Price":0.11822000,"Amount":204128.00000000,"Done":false},{"Time":"2019-04-02T08:32:13","Situation":"flat","Type":"ask","Price":0.11900000,"Amount":208200.30000000,"Done":false},{"Time":"2019-04-02T08:32:13","Situation":"flat","Type":"ask","Price":0.11942000,"Amount":101869.00000000,"Done":false},{"Time":"2019-04-02T08:33:04","Situation":"trend","Type":"ask","Price":0.11870000,"Amount":233204.90000000,"Done":false},{"Time":"2019-04-02T08:33:04","Situation":"trend","Type":"ask","Price":0.11900000,"Amount":210068.30000000,"Done":false},{"Time":"2019-04-02T08:38:05","Situation":"flat","Type":"ask","Price":0.11897000,"Amount":203738.00000000,"Done":false},{"Time":"2019-04-02T08:38:05","Situation":"flat","Type":"ask","Price":0.11900000,"Amount":208200.30000000,"Done":false},{"Time":"2019-04-02T08:38:05","Situation":"flat","Type":"ask","Price":0.11994000,"Amount":90589.20000000,"Done":false},{"Time":"2019-04-02T08:38:05","Situation":"flat","Type":"ask","Price":0.12000000,"Amount":875563.80000000,"Done":false},{"Time":"2019-04-02T08:43:07","Situation":"flat","Type":"ask","Price":0.11862000,"Amount":203738.00000000,"Done":false},{"Time":"2019-04-02T08:43:07","Situation":"flat","Type":"ask","Price":0.11900000,"Amount":208200.30000000,"Done":false},{"Time":"2019-04-02T08:44:58","Situation":"trend","Type":"ask","Price":0.11862000,"Amount":203738.00000000,"Done":false},{"Time":"2019-04-02T08:44:58","Situation":"trend","Type":"ask","Price":0.11900000,"Amount":208200.30000000,"Done":false},{"Time":"2019-04-02T08:49:59","Situation":"flat","Type":"ask","Price":0.11827000,"Amount":203790.00000000,"Done":false},{"Time":"2019-04-02T08:49:59","Situation":"flat","Type":"ask","Price":0.11900000,"Amount":208200.30000000,"Done":false},{"Time":"2019-04-02T08:49:59","Situation":"flat","Type":"ask","Price":0.11945000,"Amount":90381.00000000,"Done":false},{"Time":"2019-04-02T08:54:59","Situation":"flat","Type":"ask","Price":0.11792000,"Amount":203738.00000000,"Done":false},{"Time":"2019-04-02T08:54:59","Situation":"flat","Type":"ask","Price":0.11897000,"Amount":90281.00000000,"Done":false},{"Time":"2019-04-02T08:54:59","Situation":"flat","Type":"ask","Price":0.11900000,"Amount":208200.30000000,"Done":false},{"Time":"2019-04-02T09:00:03","Situation":"flat","Type":"ask","Price":0.11792000,"Amount":203738.00000000,"Done":false},{"Time":"2019-04-02T09:00:03","Situation":"flat","Type":"ask","Price":0.11800000,"Amount":114526.90000000,"Done":false},{"Time":"2019-04-02T09:00:03","Situation":"flat","Type":"ask","Price":0.11897000,"Amount":90281.00000000,"Done":false},{"Time":"2019-04-02T09:00:03","Situation":"flat","Type":"ask","Price":0.11900000,"Amount":208200.30000000,"Done":false},{"Time":"2019-04-02T09:05:04","Situation":"flat","Type":"ask","Price":0.11780000,"Amount":220937.30000000,"Done":false},{"Time":"2019-04-02T09:05:04","Situation":"flat","Type":"ask","Price":0.11898000,"Amount":93587.50000000,"Done":false},{"Time":"2019-04-02T09:05:04","Situation":"flat","Type":"ask","Price":0.11900000,"Amount":208200.30000000,"Done":false},{"Time":"2019-04-02T09:09:12","Situation":"trend","Type":"ask","Price":0.11707000,"Amount":203738.00000000,"Done":false},{"Time":"2019-04-02T09:09:12","Situation":"trend","Type":"ask","Price":0.11851000,"Amount":90281.00000000,"Done":false},{"Time":"2019-04-02T09:09:12","Situation":"trend","Type":"ask","Price":0.11900000,"Amount":208200.30000000,"Done":false},{"Time":"2019-04-02T09:14:15","Situation":"flat","Type":"ask","Price":0.11700000,"Amount":345396.70000000,"Done":false},{"Time":"2019-04-02T09:14:15","Situation":"flat","Type":"ask","Price":0.11750000,"Amount":203781.80000000,"Done":false},{"Time":"2019-04-02T09:14:15","Situation":"flat","Type":"ask","Price":0.11900000,"Amount":204029.40000000,"Done":false},{"Time":"2019-04-02T09:14:15","Situation":"flat","Type":"ask","Price":0.11916000,"Amount":90281.00000000,"Done":false},{"Time":"2019-04-02T09:19:15","Situation":"flat","Type":"ask","Price":0.11700000,"Amount":345396.70000000,"Done":false},{"Time":"2019-04-02T09:19:15","Situation":"flat","Type":"ask","Price":0.11715000,"Amount":203738.00000000,"Done":false},{"Time":"2019-04-02T09:19:15","Situation":"flat","Type":"ask","Price":0.11811000,"Amount":90417.70000000,"Done":false},{"Time":"2019-04-02T09:19:15","Situation":"flat","Type":"ask","Price":0.11900000,"Amount":204029.40000000,"Done":false},{"Time":"2019-04-02T09:24:15","Situation":"flat","Type":"ask","Price":0.11700000,"Amount":345396.70000000,"Done":false},{"Time":"2019-04-02T09:24:15","Situation":"flat","Type":"ask","Price":0.11715000,"Amount":228738.00000000,"Done":false},{"Time":"2019-04-02T09:24:15","Situation":"flat","Type":"ask","Price":0.11900000,"Amount":204029.40000000,"Done":false},{"Time":"2019-04-02T09:24:55","Situation":"trend","Type":"ask","Price":0.11700000,"Amount":345396.70000000,"Done":false},{"Time":"2019-04-02T09:24:55","Situation":"trend","Type":"ask","Price":0.11715000,"Amount":203738.00000000,"Done":false},{"Time":"2019-04-02T09:24:55","Situation":"trend","Type":"ask","Price":0.11900000,"Amount":204029.40000000,"Done":false},{"Time":"2019-04-02T09:24:55","Situation":"trend","Type":"ask","Price":0.11811000,"Amount":90417.70000000,"Done":true},{"Time":"2019-04-02T09:29:55","Situation":"flat","Type":"ask","Price":0.11808000,"Amount":203738.00000000,"Done":false},{"Time":"2019-04-02T09:29:55","Situation":"flat","Type":"ask","Price":0.11900000,"Amount":204029.40000000,"Done":false},{"Time":"2019-04-02T09:30:05","Situation":"trend","Type":"ask","Price":0.11808000,"Amount":203738.00000000,"Done":false},{"Time":"2019-04-02T09:30:05","Situation":"trend","Type":"ask","Price":0.11900000,"Amount":204029.40000000,"Done":false},{"Time":"2019-04-02T09:35:09","Situation":"flat","Type":"ask","Price":0.11700000,"Amount":383603.60000000,"Done":false},{"Time":"2019-04-02T09:35:09","Situation":"flat","Type":"ask","Price":0.11808000,"Amount":203738.00000000,"Done":false},{"Time":"2019-04-02T09:35:09","Situation":"flat","Type":"ask","Price":0.11900000,"Amount":204029.40000000,"Done":false},{"Time":"2019-04-02T09:37:25","Situation":"trend","Type":"ask","Price":0.11808000,"Amount":203738.00000000,"Done":false},{"Time":"2019-04-02T09:37:25","Situation":"trend","Type":"ask","Price":0.11900000,"Amount":204029.40000000,"Done":false},{"Time":"2019-04-02T09:41:44","Situation":"trend","Type":"ask","Price":0.11748000,"Amount":203738.00000000,"Done":false},{"Time":"2019-04-02T09:41:44","Situation":"trend","Type":"ask","Price":0.11900000,"Amount":204029.40000000,"Done":false},{"Time":"2019-04-02T09:41:44","Situation":"trend","Type":"ask","Price":0.11700000,"Amount":383603.60000000,"Done":true},{"Time":"2019-04-02T09:41:44","Situation":"trend","Type":"ask","Price":0.11808000,"Amount":203738.00000000,"Done":true},{"Time":"2019-04-02T09:44:49","Situation":"trend","Type":"ask","Price":0.11766000,"Amount":203804.00000000,"Done":false},{"Time":"2019-04-02T09:44:49","Situation":"trend","Type":"ask","Price":0.11900000,"Amount":204029.40000000,"Done":false},{"Time":"2019-04-02T09:49:49","Situation":"flat","Type":"ask","Price":0.11774000,"Amount":203738.00000000,"Done":false},{"Time":"2019-04-02T09:49:49","Situation":"flat","Type":"ask","Price":0.11900000,"Amount":264843.40000000,"Done":false},{"Time":"2019-04-02T09:50:05","Situation":"trend","Type":"ask","Price":0.11774000,"Amount":203738.00000000,"Done":false},{"Time":"2019-04-02T09:50:05","Situation":"trend","Type":"ask","Price":0.11900000,"Amount":264843.40000000,"Done":false},{"Time":"2019-04-02T09:55:09","Situation":"flat","Type":"ask","Price":0.11774000,"Amount":203738.00000000,"Done":false},{"Time":"2019-04-02T09:55:09","Situation":"flat","Type":"ask","Price":0.11900000,"Amount":264843.40000000,"Done":false},{"Time":"2019-04-02T10:00:12","Situation":"flat","Type":"ask","Price":0.11774000,"Amount":203738.00000000,"Done":false},{"Time":"2019-04-02T10:00:12","Situation":"flat","Type":"ask","Price":0.11900000,"Amount":264843.40000000,"Done":false},{"Time":"2019-04-02T10:05:14","Situation":"flat","Type":"ask","Price":0.11717000,"Amount":125000.00000000,"Done":false},{"Time":"2019-04-02T10:05:14","Situation":"flat","Type":"ask","Price":0.11777000,"Amount":203815.00000000,"Done":false},{"Time":"2019-04-02T10:05:14","Situation":"flat","Type":"ask","Price":0.11900000,"Amount":204029.40000000,"Done":false},{"Time":"2019-04-02T10:10:16","Situation":"flat","Type":"ask","Price":0.11717000,"Amount":150000.00000000,"Done":false},{"Time":"2019-04-02T10:10:16","Situation":"flat","Type":"ask","Price":0.11778000,"Amount":203738.00000000,"Done":false},{"Time":"2019-04-02T10:10:16","Situation":"flat","Type":"ask","Price":0.11799000,"Amount":138474.30000000,"Done":false},{"Time":"2019-04-02T10:10:16","Situation":"flat","Type":"ask","Price":0.11900000,"Amount":204098.50000000,"Done":false},{"Time":"2019-04-02T10:15:20","Situation":"flat","Type":"ask","Price":0.11799000,"Amount":138474.30000000,"Done":false},{"Time":"2019-04-02T10:15:20","Situation":"flat","Type":"ask","Price":0.11823000,"Amount":203738.00000000,"Done":false},{"Time":"2019-04-02T10:15:20","Situation":"flat","Type":"ask","Price":0.11900000,"Amount":204098.50000000,"Done":false},{"Time":"2019-04-02T10:20:23","Situation":"flat","Type":"ask","Price":0.11788000,"Amount":203804.00000000,"Done":false},{"Time":"2019-04-02T10:20:23","Situation":"flat","Type":"ask","Price":0.11799000,"Amount":138901.70000000,"Done":false},{"Time":"2019-04-02T10:20:23","Situation":"flat","Type":"ask","Price":0.11900000,"Amount":204098.50000000,"Done":false},{"Time":"2019-04-02T10:25:24","Situation":"flat","Type":"ask","Price":0.11788000,"Amount":203804.00000000,"Done":false},{"Time":"2019-04-02T10:25:24","Situation":"flat","Type":"ask","Price":0.11799000,"Amount":138474.30000000,"Done":false},{"Time":"2019-04-02T10:25:24","Situation":"flat","Type":"ask","Price":0.11900000,"Amount":204098.50000000,"Done":false},{"Time":"2019-04-02T10:28:55","Situation":"trend","Type":"ask","Price":0.11788000,"Amount":214504.00000000,"Done":false},{"Time":"2019-04-02T10:28:55","Situation":"trend","Type":"ask","Price":0.11799000,"Amount":138474.30000000,"Done":false},{"Time":"2019-04-02T10:28:55","Situation":"trend","Type":"ask","Price":0.11900000,"Amount":204098.50000000,"Done":false},{"Time":"2019-04-02T10:33:55","Situation":"flat","Type":"ask","Price":0.11753000,"Amount":203738.00000000,"Done":false},{"Time":"2019-04-02T10:33:55","Situation":"flat","Type":"ask","Price":0.11799000,"Amount":138474.30000000,"Done":false},{"Time":"2019-04-02T10:33:55","Situation":"flat","Type":"ask","Price":0.11800000,"Amount":83836.40000000,"Done":false},{"Time":"2019-04-02T10:33:55","Situation":"flat","Type":"ask","Price":0.11900000,"Amount":204098.50000000,"Done":false},{"Time":"2019-04-02T10:38:58","Situation":"flat","Type":"ask","Price":0.11753000,"Amount":203738.00000000,"Done":false},{"Time":"2019-04-02T10:38:58","Situation":"flat","Type":"ask","Price":0.11799000,"Amount":138474.30000000,"Done":false},{"Time":"2019-04-02T10:38:58","Situation":"flat","Type":"ask","Price":0.11800000,"Amount":83836.40000000,"Done":false},{"Time":"2019-04-02T10:38:58","Situation":"flat","Type":"ask","Price":0.11900000,"Amount":204098.50000000,"Done":false},{"Time":"2019-04-02T10:41:09","Situation":"trend","Type":"ask","Price":0.11600000,"Amount":824927.30000000,"Done":false},{"Time":"2019-04-02T10:41:09","Situation":"trend","Type":"ask","Price":0.11665000,"Amount":158888.00000000,"Done":false},{"Time":"2019-04-02T10:41:09","Situation":"trend","Type":"ask","Price":0.11717000,"Amount":203738.00000000,"Done":false},{"Time":"2019-04-02T10:41:09","Situation":"trend","Type":"ask","Price":0.11799000,"Amount":138474.30000000,"Done":false},{"Time":"2019-04-02T10:41:09","Situation":"trend","Type":"ask","Price":0.11800000,"Amount":83836.40000000,"Done":false},{"Time":"2019-04-02T10:41:09","Situation":"trend","Type":"ask","Price":0.11855000,"Amount":101869.00000000,"Done":false},{"Time":"2019-04-02T10:42:19","Situation":"trend","Type":"ask","Price":0.11665000,"Amount":158888.00000000,"Done":false},{"Time":"2019-04-02T10:42:19","Situation":"trend","Type":"ask","Price":0.11682000,"Amount":203738.00000000,"Done":false},{"Time":"2019-04-02T10:42:19","Situation":"trend","Type":"ask","Price":0.11799000,"Amount":138474.30000000,"Done":false},{"Time":"2019-04-02T10:42:19","Situation":"trend","Type":"ask","Price":0.11800000,"Amount":83836.40000000,"Done":false},{"Time":"2019-04-02T10:42:19","Situation":"trend","Type":"ask","Price":0.11806000,"Amount":101869.00000000,"Done":false},{"Time":"2019-04-02T10:42:19","Situation":"trend","Type":"ask","Price":0.11753000,"Amount":203738.00000000,"Done":true},{"Time":"2019-04-02T10:42:19","Situation":"trend","Type":"ask","Price":0.11900000,"Amount":204098.50000000,"Done":true},{"Time":"2019-04-02T10:43:34","Situation":"trend","Type":"ask","Price":0.11665000,"Amount":158888.00000000,"Done":false},{"Time":"2019-04-02T10:43:34","Situation":"trend","Type":"ask","Price":0.11720000,"Amount":205194.50000000,"Done":false},{"Time":"2019-04-02T10:43:34","Situation":"trend","Type":"ask","Price":0.11799000,"Amount":138474.30000000,"Done":false},{"Time":"2019-04-02T10:43:34","Situation":"trend","Type":"ask","Price":0.11809000,"Amount":104577.10000000,"Done":false},{"Time":"2019-04-02T10:43:34","Situation":"trend","Type":"ask","Price":0.11753000,"Amount":203738.00000000,"Done":true},{"Time":"2019-04-02T10:43:34","Situation":"trend","Type":"ask","Price":0.11800000,"Amount":83836.40000000,"Done":true},{"Time":"2019-04-02T10:43:34","Situation":"trend","Type":"ask","Price":0.11900000,"Amount":204098.50000000,"Done":true},{"Time":"2019-04-02T10:48:34","Situation":"flat","Type":"ask","Price":0.11720000,"Amount":205194.50000000,"Done":false},{"Time":"2019-04-02T10:48:34","Situation":"flat","Type":"ask","Price":0.11750000,"Amount":105429.90000000,"Done":false},{"Time":"2019-04-02T10:48:34","Situation":"flat","Type":"ask","Price":0.11800000,"Amount":156799.00000000,"Done":false},{"Time":"2019-04-02T10:48:34","Situation":"flat","Type":"ask","Price":0.11809000,"Amount":104577.10000000,"Done":false},{"Time":"2019-04-02T10:50:14","Situation":"trend","Type":"ask","Price":0.11600000,"Amount":199767.00000000,"Done":false},{"Time":"2019-04-02T10:50:14","Situation":"trend","Type":"ask","Price":0.11685000,"Amount":203738.00000000,"Done":false},{"Time":"2019-04-02T10:50:14","Situation":"trend","Type":"ask","Price":0.11750000,"Amount":107429.90000000,"Done":false},{"Time":"2019-04-02T10:50:14","Situation":"trend","Type":"ask","Price":0.11800000,"Amount":156799.00000000,"Done":false},{"Time":"2019-04-02T10:50:14","Situation":"trend","Type":"ask","Price":0.11809000,"Amount":104577.10000000,"Done":false},{"Time":"2019-04-02T10:53:30","Situation":"trend","Type":"ask","Price":0.11650000,"Amount":209888.80000000,"Done":false},{"Time":"2019-04-02T10:53:30","Situation":"trend","Type":"ask","Price":0.11750000,"Amount":105429.90000000,"Done":false},{"Time":"2019-04-02T10:53:30","Situation":"trend","Type":"ask","Price":0.11762000,"Amount":107888.40000000,"Done":false},{"Time":"2019-04-02T10:53:30","Situation":"trend","Type":"ask","Price":0.11800000,"Amount":156799.00000000,"Done":false},{"Time":"2019-04-02T10:53:30","Situation":"trend","Type":"ask","Price":0.11720000,"Amount":205194.50000000,"Done":true},{"Time":"2019-04-02T10:53:30","Situation":"trend","Type":"ask","Price":0.11809000,"Amount":104577.10000000,"Done":true},{"Time":"2019-04-02T10:54:15","Situation":"trend","Type":"ask","Price":0.11650000,"Amount":209888.80000000,"Done":false},{"Time":"2019-04-02T10:54:15","Situation":"trend","Type":"ask","Price":0.11750000,"Amount":105429.90000000,"Done":false},{"Time":"2019-04-02T10:54:15","Situation":"trend","Type":"ask","Price":0.11762000,"Amount":107888.40000000,"Done":false},{"Time":"2019-04-02T10:54:15","Situation":"trend","Type":"ask","Price":0.11800000,"Amount":156799.00000000,"Done":false},{"Time":"2019-04-02T10:54:15","Situation":"trend","Type":"ask","Price":0.11720000,"Amount":205194.50000000,"Done":true},{"Time":"2019-04-02T10:54:15","Situation":"trend","Type":"ask","Price":0.11809000,"Amount":104577.10000000,"Done":true},{"Time":"2019-04-02T10:59:15","Situation":"flat","Type":"ask","Price":0.11694000,"Amount":203738.00000000,"Done":false},{"Time":"2019-04-02T10:59:15","Situation":"flat","Type":"ask","Price":0.11750000,"Amount":107429.90000000,"Done":false},{"Time":"2019-04-02T10:59:15","Situation":"flat","Type":"ask","Price":0.11800000,"Amount":156799.00000000,"Done":false},{"Time":"2019-04-02T10:59:15","Situation":"flat","Type":"ask","Price":0.11812000,"Amount":102819.90000000,"Done":false},{"Time":"2019-04-02T11:04:17","Situation":"flat","Type":"ask","Price":0.11659000,"Amount":203738.00000000,"Done":false},{"Time":"2019-04-02T11:04:17","Situation":"flat","Type":"ask","Price":0.11750000,"Amount":105429.90000000,"Done":false},{"Time":"2019-04-02T11:04:17","Situation":"flat","Type":"ask","Price":0.11800000,"Amount":156799.00000000,"Done":false},{"Time":"2019-04-02T11:04:17","Situation":"flat","Type":"ask","Price":0.11812000,"Amount":102819.90000000,"Done":false},{"Time":"2019-04-02T11:09:21","Situation":"flat","Type":"ask","Price":0.11659000,"Amount":203738.00000000,"Done":false},{"Time":"2019-04-02T11:09:21","Situation":"flat","Type":"ask","Price":0.11750000,"Amount":105429.90000000,"Done":false},{"Time":"2019-04-02T11:09:21","Situation":"flat","Type":"ask","Price":0.11765000,"Amount":101943.30000000,"Done":false},{"Time":"2019-04-02T11:09:21","Situation":"flat","Type":"ask","Price":0.11800000,"Amount":156799.00000000,"Done":false},{"Time":"2019-04-02T11:14:25","Situation":"flat","Type":"ask","Price":0.11681000,"Amount":203738.00000000,"Done":false},{"Time":"2019-04-02T11:14:25","Situation":"flat","Type":"ask","Price":0.11750000,"Amount":105429.90000000,"Done":false},{"Time":"2019-04-02T11:14:25","Situation":"flat","Type":"ask","Price":0.11788000,"Amount":101935.00000000,"Done":false},{"Time":"2019-04-02T11:14:25","Situation":"flat","Type":"ask","Price":0.11800000,"Amount":156799.00000000,"Done":false},{"Time":"2019-04-02T11:19:25","Situation":"flat","Type":"ask","Price":0.11681000,"Amount":203738.00000000,"Done":false},{"Time":"2019-04-02T11:19:25","Situation":"flat","Type":"ask","Price":0.11750000,"Amount":105429.90000000,"Done":false},{"Time":"2019-04-02T11:19:25","Situation":"flat","Type":"ask","Price":0.11788000,"Amount":101935.00000000,"Done":false},{"Time":"2019-04-02T11:19:25","Situation":"flat","Type":"ask","Price":0.11800000,"Amount":156799.00000000,"Done":false},{"Time":"2019-04-02T11:24:29","Situation":"flat","Type":"ask","Price":0.11677000,"Amount":203738.00000000,"Done":false},{"Time":"2019-04-02T11:24:29","Situation":"flat","Type":"ask","Price":0.11750000,"Amount":105429.90000000,"Done":false},{"Time":"2019-04-02T11:24:29","Situation":"flat","Type":"ask","Price":0.11788000,"Amount":101935.00000000,"Done":false},{"Time":"2019-04-02T11:24:29","Situation":"flat","Type":"ask","Price":0.11800000,"Amount":156799.00000000,"Done":false},{"Time":"2019-04-02T11:26:49","Situation":"trend","Type":"ask","Price":0.11677000,"Amount":203738.00000000,"Done":false},{"Time":"2019-04-02T11:26:49","Situation":"trend","Type":"ask","Price":0.11750000,"Amount":105429.90000000,"Done":false},{"Time":"2019-04-02T11:26:49","Situation":"trend","Type":"ask","Price":0.11788000,"Amount":101935.00000000,"Done":false},{"Time":"2019-04-02T11:26:49","Situation":"trend","Type":"ask","Price":0.11800000,"Amount":156799.00000000,"Done":false},{"Time":"2019-04-02T11:31:50","Situation":"flat","Type":"ask","Price":0.11677000,"Amount":203738.00000000,"Done":false},{"Time":"2019-04-02T11:31:50","Situation":"flat","Type":"ask","Price":0.11750000,"Amount":105429.90000000,"Done":false},{"Time":"2019-04-02T11:31:50","Situation":"flat","Type":"ask","Price":0.11788000,"Amount":101935.00000000,"Done":false},{"Time":"2019-04-02T11:31:50","Situation":"flat","Type":"ask","Price":0.11800000,"Amount":156799.00000000,"Done":false},{"Time":"2019-04-02T11:32:45","Situation":"trend","Type":"ask","Price":0.11677000,"Amount":203738.00000000,"Done":false},{"Time":"2019-04-02T11:32:45","Situation":"trend","Type":"ask","Price":0.11750000,"Amount":105429.90000000,"Done":false},{"Time":"2019-04-02T11:32:45","Situation":"trend","Type":"ask","Price":0.11788000,"Amount":101935.00000000,"Done":false},{"Time":"2019-04-02T11:32:45","Situation":"trend","Type":"ask","Price":0.11800000,"Amount":156799.00000000,"Done":false},{"Time":"2019-04-02T11:37:15","Situation":"trend","Type":"ask","Price":0.11677000,"Amount":203738.00000000,"Done":false},{"Time":"2019-04-02T11:37:15","Situation":"trend","Type":"ask","Price":0.11750000,"Amount":105429.90000000,"Done":false},{"Time":"2019-04-02T11:37:15","Situation":"trend","Type":"ask","Price":0.11788000,"Amount":101935.00000000,"Done":false},{"Time":"2019-04-02T11:37:15","Situation":"trend","Type":"ask","Price":0.11800000,"Amount":170851.80000000,"Done":false},{"Time":"2019-04-02T11:42:10","Situation":"trend","Type":"ask","Price":0.11677000,"Amount":203738.00000000,"Done":false},{"Time":"2019-04-02T11:42:10","Situation":"trend","Type":"ask","Price":0.11750000,"Amount":105429.90000000,"Done":false},{"Time":"2019-04-02T11:42:10","Situation":"trend","Type":"ask","Price":0.11788000,"Amount":101935.00000000,"Done":false},{"Time":"2019-04-02T11:42:10","Situation":"trend","Type":"ask","Price":0.11800000,"Amount":170851.80000000,"Done":false},{"Time":"2019-04-02T11:47:14","Situation":"flat","Type":"ask","Price":0.11574000,"Amount":135610.10000000,"Done":false},{"Time":"2019-04-02T11:47:14","Situation":"flat","Type":"ask","Price":0.11654000,"Amount":203738.00000000,"Done":false},{"Time":"2019-04-02T11:47:14","Situation":"flat","Type":"ask","Price":0.11741000,"Amount":108108.90000000,"Done":false},{"Time":"2019-04-02T11:47:14","Situation":"flat","Type":"ask","Price":0.11750000,"Amount":105429.90000000,"Done":false},{"Time":"2019-04-02T11:47:14","Situation":"flat","Type":"ask","Price":0.11800000,"Amount":169851.80000000,"Done":false},{"Time":"2019-04-02T11:52:14","Situation":"flat","Type":"ask","Price":0.11654000,"Amount":203738.00000000,"Done":false},{"Time":"2019-04-02T11:52:14","Situation":"flat","Type":"ask","Price":0.11741000,"Amount":108108.90000000,"Done":false},{"Time":"2019-04-02T11:52:14","Situation":"flat","Type":"ask","Price":0.11800000,"Amount":81105.10000000,"Done":false},{"Time":"2019-04-02T11:57:15","Situation":"flat","Type":"ask","Price":0.11654000,"Amount":203738.00000000,"Done":false},{"Time":"2019-04-02T11:57:15","Situation":"flat","Type":"ask","Price":0.11741000,"Amount":108108.90000000,"Done":false},{"Time":"2019-04-02T11:57:15","Situation":"flat","Type":"ask","Price":0.11800000,"Amount":81105.10000000,"Done":false},{"Time":"2019-04-02T12:02:15","Situation":"flat","Type":"ask","Price":0.11654000,"Amount":215538.00000000,"Done":false},{"Time":"2019-04-02T12:02:15","Situation":"flat","Type":"ask","Price":0.11741000,"Amount":108108.90000000,"Done":false},{"Time":"2019-04-02T12:02:15","Situation":"flat","Type":"ask","Price":0.11800000,"Amount":81105.10000000,"Done":false},{"Time":"2019-04-02T12:07:19","Situation":"flat","Type":"ask","Price":0.11692000,"Amount":203738.00000000,"Done":false},{"Time":"2019-04-02T12:07:19","Situation":"flat","Type":"ask","Price":0.11800000,"Amount":81105.10000000,"Done":false},{"Time":"2019-04-02T12:07:19","Situation":"flat","Type":"ask","Price":0.11807000,"Amount":101869.00000000,"Done":false},{"Time":"2019-04-02T12:12:19","Situation":"flat","Type":"ask","Price":0.11634000,"Amount":82493.80000000,"Done":false},{"Time":"2019-04-02T12:12:19","Situation":"flat","Type":"ask","Price":0.11657000,"Amount":217738.00000000,"Done":false},{"Time":"2019-04-02T12:12:19","Situation":"flat","Type":"ask","Price":0.11760000,"Amount":101869.00000000,"Done":false},{"Time":"2019-04-02T12:12:19","Situation":"flat","Type":"ask","Price":0.11800000,"Amount":81105.10000000,"Done":false},{"Time":"2019-04-02T12:17:20","Situation":"flat","Type":"ask","Price":0.11634000,"Amount":82493.80000000,"Done":false},{"Time":"2019-04-02T12:17:20","Situation":"flat","Type":"ask","Price":0.11693000,"Amount":203738.00000000,"Done":false},{"Time":"2019-04-02T12:17:20","Situation":"flat","Type":"ask","Price":0.11800000,"Amount":86036.20000000,"Done":false},{"Time":"2019-04-02T12:17:20","Situation":"flat","Type":"ask","Price":0.11810000,"Amount":101955.10000000,"Done":false},{"Time":"2019-04-02T12:18:45","Situation":"trend","Type":"ask","Price":0.11730000,"Amount":225498.80000000,"Done":false},{"Time":"2019-04-02T12:18:45","Situation":"trend","Type":"ask","Price":0.11800000,"Amount":86036.20000000,"Done":false},{"Time":"2019-04-02T12:18:45","Situation":"trend","Type":"ask","Price":0.11810000,"Amount":101955.10000000,"Done":false},{"Time":"2019-04-02T12:23:49","Situation":"flat","Type":"ask","Price":0.11730000,"Amount":225498.80000000,"Done":false},{"Time":"2019-04-02T12:23:49","Situation":"flat","Type":"ask","Price":0.11750000,"Amount":100418.50000000,"Done":false},{"Time":"2019-04-02T12:23:49","Situation":"flat","Type":"ask","Price":0.11800000,"Amount":86036.20000000,"Done":false},{"Time":"2019-04-02T12:23:49","Situation":"flat","Type":"ask","Price":0.11810000,"Amount":102034.60000000,"Done":false},{"Time":"2019-04-02T12:28:50","Situation":"flat","Type":"ask","Price":0.11694000,"Amount":206628.00000000,"Done":false},{"Time":"2019-04-02T12:28:50","Situation":"flat","Type":"ask","Price":0.11800000,"Amount":86036.20000000,"Done":false},{"Time":"2019-04-02T12:28:50","Situation":"flat","Type":"ask","Price":0.11810000,"Amount":102034.60000000,"Done":false},{"Time":"2019-04-02T12:33:53","Situation":"flat","Type":"ask","Price":0.11731000,"Amount":204363.40000000,"Done":false},{"Time":"2019-04-02T12:33:53","Situation":"flat","Type":"ask","Price":0.11815000,"Amount":101869.00000000,"Done":false},{"Time":"2019-04-02T12:33:53","Situation":"flat","Type":"ask","Price":0.11900000,"Amount":193017.40000000,"Done":false},{"Time":"2019-04-02T12:36:25","Situation":"trend","Type":"ask","Price":0.11790000,"Amount":203738.00000000,"Done":false},{"Time":"2019-04-02T12:36:25","Situation":"trend","Type":"ask","Price":0.11800000,"Amount":82037.10000000,"Done":false},{"Time":"2019-04-02T12:36:25","Situation":"trend","Type":"ask","Price":0.11900000,"Amount":193017.40000000,"Done":false},{"Time":"2019-04-02T12:36:25","Situation":"trend","Type":"ask","Price":0.11920000,"Amount":122868.10000000,"Done":false},{"Time":"2019-04-02T12:41:25","Situation":"flat","Type":"ask","Price":0.11800000,"Amount":82037.10000000,"Done":false},{"Time":"2019-04-02T12:41:25","Situation":"flat","Type":"ask","Price":0.11835000,"Amount":203738.00000000,"Done":false},{"Time":"2019-04-02T12:41:25","Situation":"flat","Type":"ask","Price":0.11900000,"Amount":198763.00000000,"Done":false},{"Time":"2019-04-02T12:41:25","Situation":"flat","Type":"ask","Price":0.11920000,"Amount":122868.10000000,"Done":false},{"Time":"2019-04-02T12:46:25","Situation":"flat","Type":"ask","Price":0.11750000,"Amount":94698.10000000,"Done":false},{"Time":"2019-04-02T12:46:25","Situation":"flat","Type":"ask","Price":0.11800000,"Amount":82037.10000000,"Done":false},{"Time":"2019-04-02T12:46:25","Situation":"flat","Type":"ask","Price":0.11805000,"Amount":203738.00000000,"Done":false},{"Time":"2019-04-02T12:46:25","Situation":"flat","Type":"ask","Price":0.11900000,"Amount":198763.00000000,"Done":false},{"Time":"2019-04-02T12:46:25","Situation":"flat","Type":"ask","Price":0.11920000,"Amount":122868.10000000,"Done":false},{"Time":"2019-04-02T12:50:55","Situation":"trend","Type":"ask","Price":0.11800000,"Amount":82037.10000000,"Done":false},{"Time":"2019-04-02T12:50:55","Situation":"trend","Type":"ask","Price":0.11844000,"Amount":207137.20000000,"Done":false},{"Time":"2019-04-02T12:50:55","Situation":"trend","Type":"ask","Price":0.11900000,"Amount":200763.00000000,"Done":false},{"Time":"2019-04-02T12:50:55","Situation":"trend","Type":"ask","Price":0.11920000,"Amount":122868.10000000,"Done":false},{"Time":"2019-04-02T12:50:55","Situation":"trend","Type":"ask","Price":0.12000000,"Amount":560406.40000000,"Done":false},{"Time":"2019-04-02T12:50:55","Situation":"trend","Type":"ask","Price":0.11835000,"Amount":203738.00000000,"Done":true},{"Time":"2019-04-02T12:54:04","Situation":"trend","Type":"ask","Price":0.11874000,"Amount":138129.70000000,"Done":false},{"Time":"2019-04-02T12:54:04","Situation":"trend","Type":"ask","Price":0.11900000,"Amount":198263.00000000,"Done":false},{"Time":"2019-04-02T12:54:04","Situation":"trend","Type":"ask","Price":0.11921000,"Amount":203738.00000000,"Done":false},{"Time":"2019-04-02T12:54:04","Situation":"trend","Type":"ask","Price":0.12000000,"Amount":560406.40000000,"Done":false},{"Time":"2019-04-02T12:54:04","Situation":"trend","Type":"ask","Price":0.12031000,"Amount":101869.00000000,"Done":false},{"Time":"2019-04-02T12:54:04","Situation":"trend","Type":"ask","Price":0.11750000,"Amount":94698.10000000,"Done":true},{"Time":"2019-04-02T12:54:04","Situation":"trend","Type":"ask","Price":0.11800000,"Amount":82037.10000000,"Done":true},{"Time":"2019-04-02T12:54:04","Situation":"trend","Type":"ask","Price":0.11805000,"Amount":203738.00000000,"Done":true},{"Time":"2019-04-02T12:54:04","Situation":"trend","Type":"ask","Price":0.11920000,"Amount":122868.10000000,"Done":true},{"Time":"2019-04-02T12:54:54","Situation":"trend","Type":"ask","Price":0.12000000,"Amount":261706.30000000,"Done":false},{"Time":"2019-04-02T12:54:54","Situation":"trend","Type":"ask","Price":0.12017000,"Amount":203738.00000000,"Done":false},{"Time":"2019-04-02T12:54:54","Situation":"trend","Type":"ask","Price":0.12281000,"Amount":98012.60000000,"Done":false},{"Time":"2019-04-02T12:55:45","Situation":"trend","Type":"ask","Price":0.11941000,"Amount":203738.00000000,"Done":false},{"Time":"2019-04-02T12:55:45","Situation":"trend","Type":"ask","Price":0.11958000,"Amount":119133.80000000,"Done":false},{"Time":"2019-04-02T12:55:45","Situation":"trend","Type":"ask","Price":0.12000000,"Amount":289530.40000000,"Done":false},{"Time":"2019-04-02T12:55:45","Situation":"trend","Type":"ask","Price":0.12093000,"Amount":101869.00000000,"Done":false},{"Time":"2019-04-02T12:55:45","Situation":"trend","Type":"ask","Price":0.12185000,"Amount":101869.00000000,"Done":false},{"Time":"2019-04-02T12:57:49","Situation":"trend","Type":"ask","Price":0.11990000,"Amount":213393.30000000,"Done":false},{"Time":"2019-04-02T12:57:49","Situation":"trend","Type":"ask","Price":0.12136000,"Amount":101869.00000000,"Done":false},{"Time":"2019-04-02T12:57:49","Situation":"trend","Type":"ask","Price":0.12281000,"Amount":98012.60000000,"Done":false},{"Time":"2019-04-02T12:57:49","Situation":"trend","Type":"ask","Price":0.12286000,"Amount":343812.70000000,"Done":false},{"Time":"2019-04-02T12:58:04","Situation":"trend","Type":"ask","Price":0.11990000,"Amount":213393.30000000,"Done":false},{"Time":"2019-04-02T12:58:04","Situation":"trend","Type":"ask","Price":0.12136000,"Amount":101869.00000000,"Done":false},{"Time":"2019-04-02T12:58:04","Situation":"trend","Type":"ask","Price":0.12281000,"Amount":98012.60000000,"Done":false},{"Time":"2019-04-02T12:58:04","Situation":"trend","Type":"ask","Price":0.12286000,"Amount":343812.70000000,"Done":false},{"Time":"2019-04-02T13:01:54","Situation":"trend","Type":"ask","Price":0.11948000,"Amount":203738.00000000,"Done":false},{"Time":"2019-04-02T13:01:54","Situation":"trend","Type":"ask","Price":0.12083000,"Amount":101869.00000000,"Done":false},{"Time":"2019-04-02T13:03:39","Situation":"trend","Type":"ask","Price":0.11912000,"Amount":205606.00000000,"Done":false},{"Time":"2019-04-02T13:03:39","Situation":"trend","Type":"ask","Price":0.12083000,"Amount":101869.00000000,"Done":false},{"Time":"2019-04-02T13:07:14","Situation":"trend","Type":"ask","Price":0.11912000,"Amount":203738.00000000,"Done":false},{"Time":"2019-04-02T13:07:14","Situation":"trend","Type":"ask","Price":0.12031000,"Amount":101869.00000000,"Done":false},{"Time":"2019-04-02T13:12:16","Situation":"flat","Type":"ask","Price":0.11912000,"Amount":203738.00000000,"Done":false},{"Time":"2019-04-02T13:12:16","Situation":"flat","Type":"ask","Price":0.12031000,"Amount":101869.00000000,"Done":false},{"Time":"2019-04-02T13:14:03","Situation":"trend","Type":"ask","Price":0.12031000,"Amount":101869.00000000,"Done":false},{"Time":"2019-04-02T13:16:13","Situation":"trend","Type":"ask","Price":0.12031000,"Amount":101869.00000000,"Done":false},{"Time":"2019-04-02T13:16:13","Situation":"trend","Type":"ask","Price":0.11912000,"Amount":203738.00000000,"Done":true},{"Time":"2019-04-02T13:21:15","Situation":"flat","Type":"ask","Price":0.12031000,"Amount":101869.00000000,"Done":false}