{"OrderBookAsks":[{"Time":"2019-04-16T00:03:18","Situation":"trend","Type":"ask","Price":63.80000000,"Amount":80.00000000,"Done":false},{"Time":"2019-04-16T00:03:18","Situation":"trend","Type":"ask","Price":64.23000000,"Amount":124.78604000,"Done":false},{"Time":"2019-04-16T00:03:18","Situation":"trend","Type":"ask","Price":64.80000000,"Amount":626.84576000,"Done":false},{"Time":"2019-04-16T00:03:18","Situation":"trend","Type":"ask","Price":67.00000000,"Amount":84.61078000,"Done":false},{"Time":"2019-04-16T00:03:18","Situation":"trend","Type":"ask","Price":67.80000000,"Amount":130.47034000,"Done":false},{"Time":"2019-04-16T00:08:22","Situation":"flat","Type":"ask","Price":63.84000000,"Amount":124.00000000,"Done":false},{"Time":"2019-04-16T00:08:22","Situation":"flat","Type":"ask","Price":64.80000000,"Amount":626.84576000,"Done":false},{"Time":"2019-04-16T00:08:22","Situation":"flat","Type":"ask","Price":67.00000000,"Amount":84.61078000,"Done":false},{"Time":"2019-04-16T00:08:22","Situation":"flat","Type":"ask","Price":67.80000000,"Amount":130.47034000,"Done":false},{"Time":"2019-04-16T00:13:23","Situation":"flat","Type":"ask","Price":64.01000000,"Amount":124.00000000,"Done":false},{"Time":"2019-04-16T00:13:23","Situation":"flat","Type":"ask","Price":64.80000000,"Amount":626.84576000,"Done":false},{"Time":"2019-04-16T00:13:23","Situation":"flat","Type":"ask","Price":67.00000000,"Amount":84.61078000,"Done":false},{"Time":"2019-04-16T00:13:23","Situation":"flat","Type":"ask","Price":67.80000000,"Amount":130.47034000,"Done":false},{"Time":"2019-04-16T00:18:24","Situation":"flat","Type":"ask","Price":64.01000000,"Amount":124.00000000,"Done":false},{"Time":"2019-04-16T00:18:24","Situation":"flat","Type":"ask","Price":64.80000000,"Amount":626.84576000,"Done":false},{"Time":"2019-04-16T00:18:24","Situation":"flat","Type":"ask","Price":67.00000000,"Amount":84.61078000,"Done":false},{"Time":"2019-04-16T00:18:24","Situation":"flat","Type":"ask","Price":67.80000000,"Amount":130.47034000,"Done":false},{"Time":"2019-04-16T00:23:25","Situation":"flat","Type":"ask","Price":64.01000000,"Amount":124.00000000,"Done":false},{"Time":"2019-04-16T00:23:25","Situation":"flat","Type":"ask","Price":64.80000000,"Amount":626.84576000,"Done":false},{"Time":"2019-04-16T00:23:25","Situation":"flat","Type":"ask","Price":67.00000000,"Amount":84.61078000,"Done":false},{"Time":"2019-04-16T00:23:25","Situation":"flat","Type":"ask","Price":67.80000000,"Amount":130.47034000,"Done":false},{"Time":"2019-04-16T00:28:29","Situation":"flat","Type":"ask","Price":64.01000000,"Amount":124.00000000,"Done":false},{"Time":"2019-04-16T00:28:29","Situation":"flat","Type":"ask","Price":64.80000000,"Amount":626.84576000,"Done":false},{"Time":"2019-04-16T00:28:29","Situation":"flat","Type":"ask","Price":67.00000000,"Amount":84.61078000,"Done":false},{"Time":"2019-04-16T00:28:29","Situation":"flat","Type":"ask","Price":67.80000000,"Amount":130.47034000,"Done":false},{"Time":"2019-04-16T00:33:30","Situation":"flat","Type":"ask","Price":64.10000000,"Amount":124.00000000,"Done":false},{"Time":"2019-04-16T00:33:30","Situation":"flat","Type":"ask","Price":64.80000000,"Amount":626.84576000,"Done":false},{"Time":"2019-04-16T00:33:30","Situation":"flat","Type":"ask","Price":67.00000000,"Amount":84.61078000,"Done":false},{"Time":"2019-04-16T00:33:30","Situation":"flat","Type":"ask","Price":67.80000000,"Amount":130.47034000,"Done":false},{"Time":"2019-04-16T00:38:31","Situation":"flat","Type":"ask","Price":64.10000000,"Amount":124.00000000,"Done":false},{"Time":"2019-04-16T00:38:31","Situation":"flat","Type":"ask","Price":64.80000000,"Amount":626.84576000,"Done":false},{"Time":"2019-04-16T00:38:31","Situation":"flat","Type":"ask","Price":67.00000000,"Amount":84.61078000,"Done":false},{"Time":"2019-04-16T00:38:31","Situation":"flat","Type":"ask","Price":67.80000000,"Amount":130.47034000,"Done":false},{"Time":"2019-04-16T00:43:34","Situation":"flat","Type":"ask","Price":64.10000000,"Amount":124.00000000,"Done":false},{"Time":"2019-04-16T00:43:34","Situation":"flat","Type":"ask","Price":64.80000000,"Amount":626.84576000,"Done":false},{"Time":"2019-04-16T00:43:34","Situation":"flat","Type":"ask","Price":67.00000000,"Amount":84.61078000,"Done":false},{"Time":"2019-04-16T00:43:34","Situation":"flat","Type":"ask","Price":67.80000000,"Amount":130.47034000,"Done":false},{"Time":"2019-04-16T00:48:34","Situation":"flat","Type":"ask","Price":64.16000000,"Amount":124.00000000,"Done":false},{"Time":"2019-04-16T00:48:34","Situation":"flat","Type":"ask","Price":64.80000000,"Amount":626.84576000,"Done":false},{"Time":"2019-04-16T00:48:34","Situation":"flat","Type":"ask","Price":67.00000000,"Amount":84.61078000,"Done":false},{"Time":"2019-04-16T00:48:34","Situation":"flat","Type":"ask","Price":67.80000000,"Amount":130.47034000,"Done":false},{"Time":"2019-04-16T00:53:35","Situation":"flat","Type":"ask","Price":64.16000000,"Amount":124.00000000,"Done":false},{"Time":"2019-04-16T00:53:35","Situation":"flat","Type":"ask","Price":64.80000000,"Amount":626.84576000,"Done":false},{"Time":"2019-04-16T00:53:35","Situation":"flat","Type":"ask","Price":67.00000000,"Amount":84.61078000,"Done":false},{"Time":"2019-04-16T00:53:35","Situation":"flat","Type":"ask","Price":67.80000000,"Amount":130.47034000,"Done":false},{"Time":"2019-04-16T00:58:35","Situation":"flat","Type":"ask","Price":64.16000000,"Amount":124.00000000,"Done":false},{"Time":"2019-04-16T00:58:35","Situation":"flat","Type":"ask","Price":64.80000000,"Amount":626.84576000,"Done":false},{"Time":"2019-04-16T00:58:35","Situation":"flat","Type":"ask","Price":67.00000000,"Amount":84.61078000,"Done":false},{"Time":"2019-04-16T00:58:35","Situation":"flat","Type":"ask","Price":67.80000000,"Amount":130.47034000,"Done":false},{"Time":"2019-04-16T01:03:36","Situation":"flat","Type":"ask","Price":64.16000000,"Amount":124.00000000,"Done":false},{"Time":"2019-04-16T01:03:36","Situation":"flat","Type":"ask","Price":64.80000000,"Amount":626.84576000,"Done":false},{"Time":"2019-04-16T01:03:36","Situation":"flat","Type":"ask","Price":67.00000000,"Amount":84.61078000,"Done":false},{"Time":"2019-04-16T01:03:36","Situation":"flat","Type":"ask","Price":67.80000000,"Amount":130.47034000,"Done":false},{"Time":"2019-04-16T01:08:40","Situation":"flat","Type":"ask","Price":64.16000000,"Amount":124.00000000,"Done":false},{"Time":"2019-04-16T01:08:40","Situation":"flat","Type":"ask","Price":64.80000000,"Amount":626.84576000,"Done":false},{"Time":"2019-04-16T01:08:40","Situation":"flat","Type":"ask","Price":67.00000000,"Amount":84.61078000,"Done":false},{"Time":"2019-04-16T01:08:40","Situation":"flat","Type":"ask","Price":67.80000000,"Amount":130.47034000,"Done":false},{"Time":"2019-04-16T01:13:40","Situation":"flat","Type":"ask","Price":64.37000000,"Amount":124.00000000,"Done":false},{"Time":"2019-04-16T01:13:40","Situation":"flat","Type":"ask","Price":64.80000000,"Amount":626.84576000,"Done":false},{"Time":"2019-04-16T01:13:40","Situation":"flat","Type":"ask","Price":67.00000000,"Amount":84.61078000,"Done":false},{"Time":"2019-04-16T01:13:40","Situation":"flat","Type":"ask","Price":67.80000000,"Amount":130.47034000,"Done":false},{"Time":"2019-04-16T01:15:35","Situation":"trend","Type":"ask","Price":64.57000000,"Amount":125.63493000,"Done":false},{"Time":"2019-04-16T01:15:35","Situation":"trend","Type":"ask","Price":64.80000000,"Amount":626.84576000,"Done":false},{"Time":"2019-04-16T01:15:35","Situation":"trend","Type":"ask","Price":67.00000000,"Amount":84.61078000,"Done":false},{"Time":"2019-04-16T01:15:35","Situation":"trend","Type":"ask","Price":67.80000000,"Amount":130.47034000,"Done":false},{"Time":"2019-04-16T01:15:35","Situation":"trend","Type":"ask","Price":64.16000000,"Amount":124.00000000,"Done":true},{"Time":"2019-04-16T01:20:39","Situation":"flat","Type":"ask","Price":64.75000000,"Amount":124.34094000,"Done":false},{"Time":"2019-04-16T01:20:39","Situation":"flat","Type":"ask","Price":64.80000000,"Amount":644.59552000,"Done":false},{"Time":"2019-04-16T01:20:39","Situation":"flat","Type":"ask","Price":67.00000000,"Amount":84.61078000,"Done":false},{"Time":"2019-04-16T01:20:39","Situation":"flat","Type":"ask","Price":67.80000000,"Amount":130.47034000,"Done":false},{"Time":"2019-04-16T01:25:39","Situation":"flat","Type":"ask","Price":64.75000000,"Amount":124.34094000,"Done":false},{"Time":"2019-04-16T01:25:39","Situation":"flat","Type":"ask","Price":64.80000000,"Amount":626.84576000,"Done":false},{"Time":"2019-04-16T01:25:39","Situation":"flat","Type":"ask","Price":67.00000000,"Amount":84.61078000,"Done":false},{"Time":"2019-04-16T01:25:39","Situation":"flat","Type":"ask","Price":67.80000000,"Amount":130.47034000,"Done":false},{"Time":"2019-04-16T01:30:39","Situation":"flat","Type":"ask","Price":64.75000000,"Amount":124.34094000,"Done":false},{"Time":"2019-04-16T01:30:39","Situation":"flat","Type":"ask","Price":64.80000000,"Amount":626.84576000,"Done":false},{"Time":"2019-04-16T01:30:39","Situation":"flat","Type":"ask","Price":67.00000000,"Amount":84.61078000,"Done":false},{"Time":"2019-04-16T01:30:39","Situation":"flat","Type":"ask","Price":67.80000000,"Amount":130.47034000,"Done":false},{"Time":"2019-04-16T01:35:43","Situation":"flat","Type":"ask","Price":64.75000000,"Amount":124.34094000,"Done":false},{"Time":"2019-04-16T01:35:43","Situation":"flat","Type":"ask","Price":64.80000000,"Amount":626.84576000,"Done":false},{"Time":"2019-04-16T01:35:43","Situation":"flat","Type":"ask","Price":67.00000000,"Amount":84.61078000,"Done":false},{"Time":"2019-04-16T01:35:43","Situation":"flat","Type":"ask","Price":67.80000000,"Amount":130.47034000,"Done":false},{"Time":"2019-04-16T01:40:45","Situation":"flat","Type":"ask","Price":64.57000000,"Amount":125.63493000,"Done":false},{"Time":"2019-04-16T01:40:45","Situation":"flat","Type":"ask","Price":64.80000000,"Amount":627.62325000,"Done":false},{"Time":"2019-04-16T01:40:45","Situation":"flat","Type":"ask","Price":67.00000000,"Amount":84.61078000,"Done":false},{"Time":"2019-04-16T01:40:45","Situation":"flat","Type":"ask","Price":67.80000000,"Amount":130.47034000,"Done":false},{"Time":"2019-04-16T01:45:49","Situation":"flat","Type":"ask","Price":64.57000000,"Amount":125.63493000,"Done":false},{"Time":"2019-04-16T01:45:49","Situation":"flat","Type":"ask","Price":64.80000000,"Amount":626.84576000,"Done":false},{"Time":"2019-04-16T01:45:49","Situation":"flat","Type":"ask","Price":67.00000000,"Amount":84.61078000,"Done":false},{"Time":"2019-04-16T01:45:49","Situation":"flat","Type":"ask","Price":67.80000000,"Amount":130.47034000,"Done":false},{"Time":"2019-04-16T01:50:51","Situation":"flat","Type":"ask","Price":64.57000000,"Amount":125.63493000,"Done":false},{"Time":"2019-04-16T01:50:51","Situation":"flat","Type":"ask","Price":64.80000000,"Amount":626.84576000,"Done":false},{"Time":"2019-04-16T01:50:51","Situation":"flat","Type":"ask","Price":67.00000000,"Amount":84.61078000,"Done":false},{"Time":"2019-04-16T01:50:51","Situation":"flat","Type":"ask","Price":67.80000000,"Amount":130.47034000,"Done":false},{"Time":"2019-04-16T01:55:51","Situation":"flat","Type":"ask","Price":64.57000000,"Amount":125.63493000,"Done":false},{"Time":"2019-04-16T01:55:51","Situation":"flat","Type":"ask","Price":64.80000000,"Amount":626.84576000,"Done":false},{"Time":"2019-04-16T01:55:51","Situation":"flat","Type":"ask","Price":67.00000000,"Amount":84.61078000,"Done":false},{"Time":"2019-04-16T01:55:51","Situation":"flat","Type":"ask","Price":67.80000000,"Amount":130.47034000,"Done":false},{"Time":"2019-04-16T02:00:51","Situation":"flat","Type":"ask","Price":64.57000000,"Amount":125.63493000,"Done":false},{"Time":"2019-04-16T02:00:51","Situation":"flat","Type":"ask","Price":64.80000000,"Amount":626.84576000,"Done":false},{"Time":"2019-04-16T02:00:51","Situation":"flat","Type":"ask","Price":67.00000000,"Amount":84.61078000,"Done":false},{"Time":"2019-04-16T02:00:51","Situation":"flat","Type":"ask","Price":67.80000000,"Amount":130.47034000,"Done":false},{"Time":"2019-04-16T02:05:54","Situation":"flat","Type":"ask","Price":64.57000000,"Amount":128.81407000,"Done":false},{"Time":"2019-04-16T02:05:54","Situation":"flat","Type":"ask","Price":64.80000000,"Amount":626.84576000,"Done":false},{"Time":"2019-04-16T02:05:54","Situation":"flat","Type":"ask","Price":67.00000000,"Amount":84.61078000,"Done":false},{"Time":"2019-04-16T02:05:54","Situation":"flat","Type":"ask","Price":67.80000000,"Amount":130.47034000,"Done":false},{"Time":"2019-04-16T02:10:54","Situation":"flat","Type":"ask","Price":64.57000000,"Amount":125.63493000,"Done":false},{"Time":"2019-04-16T02:10:54","Situation":"flat","Type":"ask","Price":64.80000000,"Amount":626.84576000,"Done":false},{"Time":"2019-04-16T02:10:54","Situation":"flat","Type":"ask","Price":67.00000000,"Amount":84.61078000,"Done":false},{"Time":"2019-04-16T02:10:54","Situation":"flat","Type":"ask","Price":67.80000000,"Amount":130.47034000,"Done":false},{"Time":"2019-04-16T02:15:54","Situation":"flat","Type":"ask","Price":64.52000000,"Amount":124.20149000,"Done":false},{"Time":"2019-04-16T02:15:54","Situation":"flat","Type":"ask","Price":64.80000000,"Amount":626.84576000,"Done":false},{"Time":"2019-04-16T02:15:54","Situation":"flat","Type":"ask","Price":67.00000000,"Amount":84.61078000,"Done":false},{"Time":"2019-04-16T02:15:54","Situation":"flat","Type":"ask","Price":67.80000000,"Amount":130.47034000,"Done":false},{"Time":"2019-04-16T02:20:55","Situation":"flat","Type":"ask","Price":64.52000000,"Amount":127.38063000,"Done":false},{"Time":"2019-04-16T02:20:55","Situation":"flat","Type":"ask","Price":64.80000000,"Amount":626.84576000,"Done":false},{"Time":"2019-04-16T02:20:55","Situation":"flat","Type":"ask","Price":67.00000000,"Amount":84.61078000,"Done":false},{"Time":"2019-04-16T02:20:55","Situation":"flat","Type":"ask","Price":67.80000000,"Amount":130.47034000,"Done":false},{"Time":"2019-04-16T02:25:55","Situation":"flat","Type":"ask","Price":64.52000000,"Amount":127.38063000,"Done":false},{"Time":"2019-04-16T02:25:55","Situation":"flat","Type":"ask","Price":64.80000000,"Amount":626.84576000,"Done":false},{"Time":"2019-04-16T02:25:55","Situation":"flat","Type":"ask","Price":67.00000000,"Amount":84.61078000,"Done":false},{"Time":"2019-04-16T02:25:55","Situation":"flat","Type":"ask","Price":67.80000000,"Amount":130.47034000,"Done":false},{"Time":"2019-04-16T02:30:56","Situation":"flat","Type":"ask","Price":64.52000000,"Amount":127.38063000,"Done":false},{"Time":"2019-04-16T02:30:56","Situation":"flat","Type":"ask","Price":64.80000000,"Amount":626.84576000,"Done":false},{"Time":"2019-04-16T02:30:56","Situation":"flat","Type":"ask","Price":67.00000000,"Amount":84.61078000,"Done":false},{"Time":"2019-04-16T02:30:56","Situation":"flat","Type":"ask","Price":67.80000000,"Amount":130.47034000,"Done":false},{"Time":"2019-04-16T02:35:58","Situation":"flat","Type":"ask","Price":64.52000000,"Amount":124.20149000,"Done":false},{"Time":"2019-04-16T02:35:58","Situation":"flat","Type":"ask","Price":64.80000000,"Amount":626.84576000,"Done":false},{"Time":"2019-04-16T02:35:58","Situation":"flat","Type":"ask","Price":67.00000000,"Amount":84.61078000,"Done":false},{"Time":"2019-04-16T02:35:58","Situation":"flat","Type":"ask","Price":67.80000000,"Amount":130.47034000,"Done":false},{"Time":"2019-04-16T02:41:04","Situation":"flat","Type":"ask","Price":64.52000000,"Amount":124.20149000,"Done":false},{"Time":"2019-04-16T02:41:04","Situation":"flat","Type":"ask","Price":64.80000000,"Amount":626.84576000,"Done":false},{"Time":"2019-04-16T02:41:04","Situation":"flat","Type":"ask","Price":67.00000000,"Amount":84.61078000,"Done":false},{"Time":"2019-04-16T02:41:04","Situation":"flat","Type":"ask","Price":67.80000000,"Amount":130.47034000,"Done":false},{"Time":"2019-04-16T02:46:04","Situation":"flat","Type":"ask","Price":64.35000000,"Amount":124.20000000,"Done":false},{"Time":"2019-04-16T02:46:04","Situation":"flat","Type":"ask","Price":64.80000000,"Amount":626.84576000,"Done":false},{"Time":"2019-04-16T02:46:04","Situation":"flat","Type":"ask","Price":67.00000000,"Amount":84.61078000,"Done":false},{"Time":"2019-04-16T02:46:04","Situation":"flat","Type":"ask","Price":67.80000000,"Amount":130.47034000,"Done":false},{"Time":"2019-04-16T02:51:06","Situation":"flat","Type":"ask","Price":64.35000000,"Amount":124.20000000,"Done":false},{"Time":"2019-04-16T02:51:06","Situation":"flat","Type":"ask","Price":64.80000000,"Amount":626.84576000,"Done":false},{"Time":"2019-04-16T02:51:06","Situation":"flat","Type":"ask","Price":67.00000000,"Amount":84.61078000,"Done":false},{"Time":"2019-04-16T02:51:06","Situation":"flat","Type":"ask","Price":67.80000000,"Amount":130.47034000,"Done":false},{"Time":"2019-04-16T02:56:06","Situation":"flat","Type":"ask","Price":64.35000000,"Amount":124.20000000,"Done":false},{"Time":"2019-04-16T02:56:06","Situation":"flat","Type":"ask","Price":64.80000000,"Amount":626.84576000,"Done":false},{"Time":"2019-04-16T02:56:06","Situation":"flat","Type":"ask","Price":67.00000000,"Amount":84.61078000,"Done":false},{"Time":"2019-04-16T02:56:06","Situation":"flat","Type":"ask","Price":67.80000000,"Amount":130.47034000,"Done":false},{"Time":"2019-04-16T03:01:10","Situation":"flat","Type":"ask","Price":64.35000000,"Amount":124.20000000,"Done":false},{"Time":"2019-04-16T03:01:10","Situation":"flat","Type":"ask","Price":64.80000000,"Amount":626.84576000,"Done":false},{"Time":"2019-04-16T03:01:10","Situation":"flat","Type":"ask","Price":67.00000000,"Amount":84.61078000,"Done":false},{"Time":"2019-04-16T03:01:10","Situation":"flat","Type":"ask","Price":67.80000000,"Amount":130.47034000,"Done":false},{"Time":"2019-04-16T03:06:10","Situation":"flat","Type":"ask","Price":64.23000000,"Amount":114.53440000,"Done":false},{"Time":"2019-04-16T03:06:10","Situation":"flat","Type":"ask","Price":64.35000000,"Amount":124.20000000,"Done":false},{"Time":"2019-04-16T03:06:10","Situation":"flat","Type":"ask","Price":64.80000000,"Amount":626.84576000,"Done":false},{"Time":"2019-04-16T03:06:10","Situation":"flat","Type":"ask","Price":67.00000000,"Amount":84.61078000,"Done":false},{"Time":"2019-04-16T03:06:10","Situation":"flat","Type":"ask","Price":67.80000000,"Amount":130.47034000,"Done":false},{"Time":"2019-04-16T03:11:10","Situation":"flat","Type":"ask","Price":64.35000000,"Amount":124.20000000,"Done":false},{"Time":"2019-04-16T03:11:10","Situation":"flat","Type":"ask","Price":64.80000000,"Amount":626.84576000,"Done":false},{"Time":"2019-04-16T03:11:10","Situation":"flat","Type":"ask","Price":67.00000000,"Amount":84.61078000,"Done":false},{"Time":"2019-04-16T03:11:10","Situation":"flat","Type":"ask","Price":67.80000000,"Amount":130.47034000,"Done":false},{"Time":"2019-04-16T03:16:10","Situation":"flat","Type":"ask","Price":64.35000000,"Amount":124.20000000,"Done":false},{"Time":"2019-04-16T03:16:10","Situation":"flat","Type":"ask","Price":64.80000000,"Amount":626.84576000,"Done":false},{"Time":"2019-04-16T03:16:10","Situation":"flat","Type":"ask","Price":67.00000000,"Amount":84.61078000,"Done":false},{"Time":"2019-04-16T03:16:10","Situation":"flat","Type":"ask","Price":67.80000000,"Amount":130.47034000,"Done":false},{"Time":"2019-04-16T03:21:10","Situation":"flat","Type":"ask","Price":64.55000000,"Amount":124.00000000,"Done":false},{"Time":"2019-04-16T03:21:10","Situation":"flat","Type":"ask","Price":64.80000000,"Amount":626.84576000,"Done":false},{"Time":"2019-04-16T03:21:10","Situation":"flat","Type":"ask","Price":67.00000000,"Amount":84.61078000,"Done":false},{"Time":"2019-04-16T03:21:10","Situation":"flat","Type":"ask","Price":67.80000000,"Amount":130.47034000,"Done":false},{"Time":"2019-04-16T03:26:14","Situation":"flat","Type":"ask","Price":64.55000000,"Amount":124.78003000,"Done":false},{"Time":"2019-04-16T03:26:14","Situation":"flat","Type":"ask","Price":64.80000000,"Amount":626.84576000,"Done":false},{"Time":"2019-04-16T03:26:14","Situation":"flat","Type":"ask","Price":67.00000000,"Amount":84.61078000,"Done":false},{"Time":"2019-04-16T03:26:14","Situation":"flat","Type":"ask","Price":67.80000000,"Amount":130.47034000,"Done":false},{"Time":"2019-04-16T03:31:14","Situation":"flat","Type":"ask","Price":64.55000000,"Amount":124.00000000,"Done":false},{"Time":"2019-04-16T03:31:14","Situation":"flat","Type":"ask","Price":64.80000000,"Amount":626.84576000,"Done":false},{"Time":"2019-04-16T03:31:14","Situation":"flat","Type":"ask","Price":67.00000000,"Amount":84.61078000,"Done":false},{"Time":"2019-04-16T03:31:14","Situation":"flat","Type":"ask","Price":67.80000000,"Amount":130.47034000,"Done":false},{"Time":"2019-04-16T03:36:16","Situation":"flat","Type":"ask","Price":64.34000000,"Amount":124.00000000,"Done":false},{"Time":"2019-04-16T03:36:16","Situation":"flat","Type":"ask","Price":64.80000000,"Amount":626.84576000,"Done":false},{"Time":"2019-04-16T03:36:16","Situation":"flat","Type":"ask","Price":67.00000000,"Amount":84.61078000,"Done":false},{"Time":"2019-04-16T03:36:16","Situation":"flat","Type":"ask","Price":67.80000000,"Amount":130.47034000,"Done":false},{"Time":"2019-04-16T03:41:16","Situation":"flat","Type":"ask","Price":64.56000000,"Amount":124.00000000,"Done":false},{"Time":"2019-04-16T03:41:16","Situation":"flat","Type":"ask","Price":64.80000000,"Amount":626.84576000,"Done":false},{"Time":"2019-04-16T03:41:16","Situation":"flat","Type":"ask","Price":67.00000000,"Amount":84.61078000,"Done":false},{"Time":"2019-04-16T03:41:16","Situation":"flat","Type":"ask","Price":67.80000000,"Amount":130.47034000,"Done":false},{"Time":"2019-04-16T03:46:20","Situation":"flat","Type":"ask","Price":64.56000000,"Amount":124.00000000,"Done":false},{"Time":"2019-04-16T03:46:20","Situation":"flat","Type":"ask","Price":64.80000000,"Amount":626.84576000,"Done":false},{"Time":"2019-04-16T03:46:20","Situation":"flat","Type":"ask","Price":67.00000000,"Amount":84.61078000,"Done":false},{"Time":"2019-04-16T03:46:20","Situation":"flat","Type":"ask","Price":67.80000000,"Amount":130.47034000,"Done":false},{"Time":"2019-04-16T03:51:21","Situation":"flat","Type":"ask","Price":64.34000000,"Amount":124.00000000,"Done":false},{"Time":"2019-04-16T03:51:21","Situation":"flat","Type":"ask","Price":64.80000000,"Amount":626.84576000,"Done":false},{"Time":"2019-04-16T03:51:21","Situation":"flat","Type":"ask","Price":67.00000000,"Amount":84.61078000,"Done":false},{"Time":"2019-04-16T03:51:21","Situation":"flat","Type":"ask","Price":67.80000000,"Amount":130.47034000,"Done":false},{"Time":"2019-04-16T03:56:25","Situation":"flat","Type":"ask","Price":64.34000000,"Amount":124.00000000,"Done":false},{"Time":"2019-04-16T03:56:25","Situation":"flat","Type":"ask","Price":64.80000000,"Amount":626.84576000,"Done":false},{"Time":"2019-04-16T03:56:25","Situation":"flat","Type":"ask","Price":67.00000000,"Amount":84.61078000,"Done":false},{"Time":"2019-04-16T03:56:25","Situation":"flat","Type":"ask","Price":67.80000000,"Amount":130.47034000,"Done":false},{"Time":"2019-04-16T04:01:30","Situation":"flat","Type":"ask","Price":64.34000000,"Amount":124.00000000,"Done":false},{"Time":"2019-04-16T04:01:30","Situation":"flat","Type":"ask","Price":64.80000000,"Amount":626.84576000,"Done":false},{"Time":"2019-04-16T04:01:30","Situation":"flat","Type":"ask","Price":67.00000000,"Amount":84.61078000,"Done":false},{"Time":"2019-04-16T04:01:30","Situation":"flat","Type":"ask","Price":67.80000000,"Amount":130.47034000,"Done":false},{"Time":"2019-04-16T04:06:30","Situation":"flat","Type":"ask","Price":64.34000000,"Amount":124.00000000,"Done":false},{"Time":"2019-04-16T04:06:30","Situation":"flat","Type":"ask","Price":64.80000000,"Amount":626.84576000,"Done":false},{"Time":"2019-04-16T04:06:30","Situation":"flat","Type":"ask","Price":67.00000000,"Amount":84.61078000,"Done":false},{"Time":"2019-04-16T04:06:30","Situation":"flat","Type":"ask","Price":67.80000000,"Amount":130.47034000,"Done":false},{"Time":"2019-04-16T04:11:30","Situation":"flat","Type":"ask","Price":64.34000000,"Amount":124.00000000,"Done":false},{"Time":"2019-04-16T04:11:30","Situation":"flat","Type":"ask","Price":64.80000000,"Amount":626.84576000,"Done":false},{"Time":"2019-04-16T04:11:30","Situation":"flat","Type":"ask","Price":67.00000000,"Amount":84.61078000,"Done":false},{"Time":"2019-04-16T04:11:30","Situation":"flat","Type":"ask","Price":67.80000000,"Amount":130.47034000,"Done":false},{"Time":"2019-04-16T04:16:32","Situation":"flat","Type":"ask","Price":64.34000000,"Amount":124.00000000,"Done":false},{"Time":"2019-04-16T04:16:32","Situation":"flat","Type":"ask","Price":64.80000000,"Amount":626.84576000,"Done":false},{"Time":"2019-04-16T04:16:32","Situation":"flat","Type":"ask","Price":67.00000000,"Amount":84.61078000,"Done":false},{"Time":"2019-04-16T04:16:32","Situation":"flat","Type":"ask","Price":67.80000000,"Amount":130.47034000,"Done":false},{"Time":"2019-04-16T04:21:36","Situation":"flat","Type":"ask","Price":64.34000000,"Amount":124.00000000,"Done":false},{"Time":"2019-04-16T04:21:36","Situation":"flat","Type":"ask","Price":64.80000000,"Amount":626.84576000,"Done":false},{"Time":"2019-04-16T04:21:36","Situation":"flat","Type":"ask","Price":67.00000000,"Amount":84.61078000,"Done":false},{"Time":"2019-04-16T04:21:36","Situation":"flat","Type":"ask","Price":67.80000000,"Amount":130.47034000,"Done":false},{"Time":"2019-04-16T04:26:40","Situation":"flat","Type":"ask","Price":64.54000000,"Amount":124.00000000,"Done":false},{"Time":"2019-04-16T04:26:40","Situation":"flat","Type":"ask","Price":64.80000000,"Amount":626.84576000,"Done":false},{"Time":"2019-04-16T04:26:40","Situation":"flat","Type":"ask","Price":67.00000000,"Amount":84.61078000,"Done":false},{"Time":"2019-04-16T04:26:40","Situation":"flat","Type":"ask","Price":67.80000000,"Amount":130.47034000,"Done":false},{"Time":"2019-04-16T04:31:40","Situation":"flat","Type":"ask","Price":64.54000000,"Amount":124.00000000,"Done":false},{"Time":"2019-04-16T04:31:40","Situation":"flat","Type":"ask","Price":64.80000000,"Amount":626.84576000,"Done":false},{"Time":"2019-04-16T04:31:40","Situation":"flat","Type":"ask","Price":67.00000000,"Amount":84.61078000,"Done":false},{"Time":"2019-04-16T04:31:40","Situation":"flat","Type":"ask","Price":67.80000000,"Amount":130.47034000,"Done":false},{"Time":"2019-04-16T04:36:40","Situation":"flat","Type":"ask","Price":64.54000000,"Amount":124.00000000,"Done":false},{"Time":"2019-04-16T04:36:40","Situation":"flat","Type":"ask","Price":64.80000000,"Amount":626.84576000,"Done":false},{"Time":"2019-04-16T04:36:40","Situation":"flat","Type":"ask","Price":67.00000000,"Amount":84.61078000,"Done":false},{"Time":"2019-04-16T04:36:40","Situation":"flat","Type":"ask","Price":67.80000000,"Amount":130.47034000,"Done":false},{"Time":"2019-04-16T04:41:40","Situation":"flat","Type":"ask","Price":64.54000000,"Amount":124.00000000,"Done":false},{"Time":"2019-04-16T04:41:40","Situation":"flat","Type":"ask","Price":64.80000000,"Amount":626.84576000,"Done":false},{"Time":"2019-04-16T04:41:40","Situation":"flat","Type":"ask","Price":67.00000000,"Amount":84.61078000,"Done":false},{"Time":"2019-04-16T04:41:40","Situation":"flat","Type":"ask","Price":67.80000000,"Amount":130.47034000,"Done":false},{"Time":"2019-04-16T04:46:41","Situation":"flat","Type":"ask","Price":64.54000000,"Amount":124.00000000,"Done":false},{"Time":"2019-04-16T04:46:41","Situation":"flat","Type":"ask","Price":64.80000000,"Amount":626.84576000,"Done":false},{"Time":"2019-04-16T04:46:41","Situation":"flat","Type":"ask","Price":67.00000000,"Amount":84.61078000,"Done":false},{"Time":"2019-04-16T04:46:41","Situation":"flat","Type":"ask","Price":67.80000000,"Amount":130.47034000,"Done":false},{"Time":"2019-04-16T04:51:44","Situation":"flat","Type":"ask","Price":64.54000000,"Amount":124.00000000,"Done":false},{"Time":"2019-04-16T04:51:44","Situation":"flat","Type":"ask","Price":64.80000000,"Amount":626.84576000,"Done":false},{"Time":"2019-04-16T04:51:44","Situation":"flat","Type":"ask","Price":67.00000000,"Amount":84.61078000,"Done":false},{"Time":"2019-04-16T04:51:44","Situation":"flat","Type":"ask","Price":67.80000000,"Amount":130.47034000,"Done":false},{"Time":"2019-04-16T04:56:45","Situation":"flat","Type":"ask","Price":64.54000000,"Amount":124.00000000,"Done":false},{"Time":"2019-04-16T04:56:45","Situation":"flat","Type":"ask","Price":64.80000000,"Amount":626.84576000,"Done":false},{"Time":"2019-04-16T04:56:45","Situation":"flat","Type":"ask","Price":67.00000000,"Amount":84.61078000,"Done":false},{"Time":"2019-04-16T04:56:45","Situation":"flat","Type":"ask","Price":67.80000000,"Amount":130.47034000,"Done":false},{"Time":"2019-04-16T05:01:45","Situation":"flat","Type":"ask","Price":64.54000000,"Amount":124.00000000,"Done":false},{"Time":"2019-04-16T05:01:45","Situation":"flat","Type":"ask","Price":64.80000000,"Amount":626.84576000,"Done":false},{"Time":"2019-04-16T05:01:45","Situation":"flat","Type":"ask","Price":67.00000000,"Amount":84.61078000,"Done":false},{"Time":"2019-04-16T05:01:45","Situation":"flat","Type":"ask","Price":67.80000000,"Amount":130.47034000,"Done":false},{"Time":"2019-04-16T05:06:49","Situation":"flat","Type":"ask","Price":64.54000000,"Amount":124.00000000,"Done":false},{"Time":"2019-04-16T05:06:49","Situation":"flat","Type":"ask","Price":64.80000000,"Amount":626.84576000,"Done":false},{"Time":"2019-04-16T05:06:49","Situation":"flat","Type":"ask","Price":67.00000000,"Amount":84.61078000,"Done":false},{"Time":"2019-04-16T05:06:49","Situation":"flat","Type":"ask","Price":67.80000000,"Amount":130.47034000,"Done":false},{"Time":"2019-04-16T05:11:49","Situation":"flat","Type":"ask","Price":64.54000000,"Amount":127.45742000,"Done":false},{"Time":"2019-04-16T05:11:49","Situation":"flat","Type":"ask","Price":64.80000000,"Amount":626.84576000,"Done":false},{"Time":"2019-04-16T05:11:49","Situation":"flat","Type":"ask","Price":67.00000000,"Amount":84.61078000,"Done":false},{"Time":"2019-04-16T05:11:49","Situation":"flat","Type":"ask","Price":67.80000000,"Amount":130.47034000,"Done":false},{"Time":"2019-04-16T05:16:49","Situation":"flat","Type":"ask","Price":64.54000000,"Amount":124.00000000,"Done":false},{"Time":"2019-04-16T05:16:49","Situation":"flat","Type":"ask","Price":64.80000000,"Amount":626.84576000,"Done":false},{"Time":"2019-04-16T05:16:49","Situation":"flat","Type":"ask","Price":67.00000000,"Amount":84.61078000,"Done":false},{"Time":"2019-04-16T05:16:49","Situation":"flat","Type":"ask","Price":67.80000000,"Amount":130.47034000,"Done":false},{"Time":"2019-04-16T05:21:50","Situation":"flat","Type":"ask","Price":64.54000000,"Amount":124.00000000,"Done":false},{"Time":"2019-04-16T05:21:50","Situation":"flat","Type":"ask","Price":64.80000000,"Amount":626.84576000,"Done":false},{"Time":"2019-04-16T05:21:50","Situation":"flat","Type":"ask","Price":67.00000000,"Amount":84.61078000,"Done":false},{"Time":"2019-04-16T05:21:50","Situation":"flat","Type":"ask","Price":67.80000000,"Amount":130.47034000,"Done":false},{"Time":"2019-04-16T05:26:50","Situation":"flat","Type":"ask","Price":64.54000000,"Amount":124.00000000,"Done":false},{"Time":"2019-04-16T05:26:50","Situation":"flat","Type":"ask","Price":64.80000000,"Amount":626.84576000,"Done":false},{"Time":"2019-04-16T05:26:50","Situation":"flat","Type":"ask","Price":67.00000000,"Amount":84.61078000,"Done":false},{"Time":"2019-04-16T05:26:50","Situation":"flat","Type":"ask","Price":67.80000000,"Amount":130.47034000,"Done":false},{"Time":"2019-04-16T05:31:52","Situation":"flat","Type":"ask","Price":64.75000000,"Amount":124.34094000,"Done":false},{"Time":"2019-04-16T05:31:52","Situation":"flat","Type":"ask","Price":64.80000000,"Amount":626.84576000,"Done":false},{"Time":"2019-04-16T05:31:52","Situation":"flat","Type":"ask","Price":67.00000000,"Amount":84.61078000,"Done":false},{"Time":"2019-04-16T05:31:52","Situation":"flat","Type":"ask","Price":67.80000000,"Amount":130.47034000,"Done":false},{"Time":"2019-04-16T05:36:56","Situation":"flat","Type":"ask","Price":64.75000000,"Amount":124.34094000,"Done":false},{"Time":"2019-04-16T05:36:56","Situation":"flat","Type":"ask","Price":64.80000000,"Amount":626.84576000,"Done":false},{"Time":"2019-04-16T05:36:56","Situation":"flat","Type":"ask","Price":67.00000000,"Amount":84.61078000,"Done":false},{"Time":"2019-04-16T05:36:56","Situation":"flat","Type":"ask","Price":67.80000000,"Amount":130.47034000,"Done":false},{"Time":"2019-04-16T05:42:00","Situation":"flat","Type":"ask","Price":64.75000000,"Amount":124.52682000,"Done":false},{"Time":"2019-04-16T05:42:00","Situation":"flat","Type":"ask","Price":64.80000000,"Amount":626.84576000,"Done":false},{"Time":"2019-04-16T05:42:00","Situation":"flat","Type":"ask","Price":67.00000000,"Amount":84.61078000,"Done":false},{"Time":"2019-04-16T05:42:00","Situation":"flat","Type":"ask","Price":67.80000000,"Amount":130.47034000,"Done":false},{"Time":"2019-04-16T05:47:03","Situation":"flat","Type":"ask","Price":64.72000000,"Amount":84.64123000,"Done":false},{"Time":"2019-04-16T05:47:03","Situation":"flat","Type":"ask","Price":64.75000000,"Amount":124.52682000,"Done":false},{"Time":"2019-04-16T05:47:03","Situation":"flat","Type":"ask","Price":64.80000000,"Amount":626.84576000,"Done":false},{"Time":"2019-04-16T05:47:03","Situation":"flat","Type":"ask","Price":67.00000000,"Amount":84.61078000,"Done":false},{"Time":"2019-04-16T05:47:03","Situation":"flat","Type":"ask","Price":67.80000000,"Amount":130.47034000,"Done":false},{"Time":"2019-04-16T05:52:05","Situation":"flat","Type":"ask","Price":64.57000000,"Amount":125.63493000,"Done":false},{"Time":"2019-04-16T05:52:05","Situation":"flat","Type":"ask","Price":64.80000000,"Amount":626.84576000,"Done":false},{"Time":"2019-04-16T05:52:05","Situation":"flat","Type":"ask","Price":67.00000000,"Amount":84.61078000,"Done":false},{"Time":"2019-04-16T05:52:05","Situation":"flat","Type":"ask","Price":67.80000000,"Amount":130.47034000,"Done":false},{"Time":"2019-04-16T05:57:06","Situation":"flat","Type":"ask","Price":64.57000000,"Amount":125.63493000,"Done":false},{"Time":"2019-04-16T05:57:06","Situation":"flat","Type":"ask","Price":64.80000000,"Amount":626.84576000,"Done":false},{"Time":"2019-04-16T05:57:06","Situation":"flat","Type":"ask","Price":67.00000000,"Amount":84.61078000,"Done":false},{"Time":"2019-04-16T05:57:06","Situation":"flat","Type":"ask","Price":67.80000000,"Amount":130.47034000,"Done":false},{"Time":"2019-04-16T06:02:10","Situation":"flat","Type":"ask","Price":64.57000000,"Amount":125.63493000,"Done":false},{"Time":"2019-04-16T06:02:10","Situation":"flat","Type":"ask","Price":64.80000000,"Amount":626.84576000,"Done":false},{"Time":"2019-04-16T06:02:10","Situation":"flat","Type":"ask","Price":67.00000000,"Amount":84.61078000,"Done":false},{"Time":"2019-04-16T06:02:10","Situation":"flat","Type":"ask","Price":67.80000000,"Amount":130.47034000,"Done":false},{"Time":"2019-04-16T06:07:11","Situation":"flat","Type":"ask","Price":64.57000000,"Amount":125.63493000,"Done":false},{"Time":"2019-04-16T06:07:11","Situation":"flat","Type":"ask","Price":64.80000000,"Amount":626.84576000,"Done":false},{"Time":"2019-04-16T06:07:11","Situation":"flat","Type":"ask","Price":67.00000000,"Amount":84.61078000,"Done":false},{"Time":"2019-04-16T06:07:11","Situation":"flat","Type":"ask","Price":67.80000000,"Amount":130.47034000,"Done":false},{"Time":"2019-04-16T06:12:15","Situation":"flat","Type":"ask","Price":64.57000000,"Amount":125.63493000,"Done":false},{"Time":"2019-04-16T06:12:15","Situation":"flat","Type":"ask","Price":64.80000000,"Amount":626.84576000,"Done":false},{"Time":"2019-04-16T06:12:15","Situation":"flat","Type":"ask","Price":67.00000000,"Amount":84.61078000,"Done":false},{"Time":"2019-04-16T06:12:15","Situation":"flat","Type":"ask","Price":67.80000000,"Amount":130.47034000,"Done":false},{"Time":"2019-04-16T06:17:16","Situation":"flat","Type":"ask","Price":64.57000000,"Amount":125.63493000,"Done":false},{"Time":"2019-04-16T06:17:16","Situation":"flat","Type":"ask","Price":64.80000000,"Amount":626.84576000,"Done":false},{"Time":"2019-04-16T06:17:16","Situation":"flat","Type":"ask","Price":67.00000000,"Amount":84.61078000,"Done":false},{"Time":"2019-04-16T06:17:16","Situation":"flat","Type":"ask","Price":67.80000000,"Amount":130.47034000,"Done":false},{"Time":"2019-04-16T06:22:20","Situation":"flat","Type":"ask","Price":64.57000000,"Amount":125.63493000,"Done":false},{"Time":"2019-04-16T06:22:20","Situation":"flat","Type":"ask","Price":64.80000000,"Amount":626.84576000,"Done":false},{"Time":"2019-04-16T06:22:20","Situation":"flat","Type":"ask","Price":67.00000000,"Amount":84.61078000,"Done":false},{"Time":"2019-04-16T06:22:20","Situation":"flat","Type":"ask","Price":67.80000000,"Amount":130.47034000,"Done":false},{"Time":"2019-04-16T06:27:20","Situation":"flat","Type":"ask","Price":64.57000000,"Amount":118.40595000,"Done":false},{"Time":"2019-04-16T06:27:20","Situation":"flat","Type":"ask","Price":64.80000000,"Amount":626.84576000,"Done":false},{"Time":"2019-04-16T06:27:20","Situation":"flat","Type":"ask","Price":67.00000000,"Amount":84.61078000,"Done":false},{"Time":"2019-04-16T06:27:20","Situation":"flat","Type":"ask","Price":67.80000000,"Amount":130.47034000,"Done":false},{"Time":"2019-04-16T06:32:21","Situation":"flat","Type":"ask","Price":64.57000000,"Amount":118.40595000,"Done":false},{"Time":"2019-04-16T06:32:21","Situation":"flat","Type":"ask","Price":64.80000000,"Amount":626.84576000,"Done":false},{"Time":"2019-04-16T06:32:21","Situation":"flat","Type":"ask","Price":67.00000000,"Amount":84.61078000,"Done":false},{"Time":"2019-04-16T06:32:21","Situation":"flat","Type":"ask","Price":67.80000000,"Amount":130.47034000,"Done":false},{"Time":"2019-04-16T06:37:23","Situation":"flat","Type":"ask","Price":64.79000000,"Amount":124.00000000,"Done":false},{"Time":"2019-04-16T06:37:23","Situation":"flat","Type":"ask","Price":64.80000000,"Amount":626.84576000,"Done":false},{"Time":"2019-04-16T06:37:23","Situation":"flat","Type":"ask","Price":67.00000000,"Amount":84.61078000,"Done":false},{"Time":"2019-04-16T06:37:23","Situation":"flat","Type":"ask","Price":67.80000000,"Amount":130.47034000,"Done":false},{"Time":"2019-04-16T06:42:26","Situation":"flat","Type":"ask","Price":64.79000000,"Amount":124.00000000,"Done":false},{"Time":"2019-04-16T06:42:26","Situation":"flat","Type":"ask","Price":64.80000000,"Amount":626.84576000,"Done":false},{"Time":"2019-04-16T06:42:26","Situation":"flat","Type":"ask","Price":67.00000000,"Amount":84.61078000,"Done":false},{"Time":"2019-04-16T06:42:26","Situation":"flat","Type":"ask","Price":67.80000000,"Amount":130.47034000,"Done":false},{"Time":"2019-04-16T06:47:30","Situation":"flat","Type":"ask","Price":64.57000000,"Amount":124.00000000,"Done":false},{"Time":"2019-04-16T06:47:30","Situation":"flat","Type":"ask","Price":64.80000000,"Amount":626.84576000,"Done":false},{"Time":"2019-04-16T06:47:30","Situation":"flat","Type":"ask","Price":67.00000000,"Amount":84.61078000,"Done":false},{"Time":"2019-04-16T06:47:30","Situation":"flat","Type":"ask","Price":67.80000000,"Amount":130.47034000,"Done":false},{"Time":"2019-04-16T06:52:32","Situation":"flat","Type":"ask","Price":64.57000000,"Amount":124.00000000,"Done":false},{"Time":"2019-04-16T06:52:32","Situation":"flat","Type":"ask","Price":64.80000000,"Amount":626.84576000,"Done":false},{"Time":"2019-04-16T06:52:32","Situation":"flat","Type":"ask","Price":67.00000000,"Amount":84.61078000,"Done":false},{"Time":"2019-04-16T06:52:32","Situation":"flat","Type":"ask","Price":67.80000000,"Amount":130.47034000,"Done":false},{"Time":"2019-04-16T06:57:36","Situation":"flat","Type":"ask","Price":64.57000000,"Amount":124.00000000,"Done":false},{"Time":"2019-04-16T06:57:36","Situation":"flat","Type":"ask","Price":64.80000000,"Amount":626.84576000,"Done":false},{"Time":"2019-04-16T06:57:36","Situation":"flat","Type":"ask","Price":67.00000000,"Amount":84.61078000,"Done":false},{"Time":"2019-04-16T06:57:36","Situation":"flat","Type":"ask","Price":67.80000000,"Amount":130.47034000,"Done":false},{"Time":"2019-04-16T07:02:40","Situation":"flat","Type":"ask","Price":64.57000000,"Amount":124.00000000,"Done":false},{"Time":"2019-04-16T07:02:40","Situation":"flat","Type":"ask","Price":64.80000000,"Amount":626.84576000,"Done":false},{"Time":"2019-04-16T07:02:40","Situation":"flat","Type":"ask","Price":67.00000000,"Amount":84.61078000,"Done":false},{"Time":"2019-04-16T07:02:40","Situation":"flat","Type":"ask","Price":67.80000000,"Amount":130.47034000,"Done":false},{"Time":"2019-04-16T07:07:41","Situation":"flat","Type":"ask","Price":64.80000000,"Amount":626.84576000,"Done":false},{"Time":"2019-04-16T07:07:41","Situation":"flat","Type":"ask","Price":64.97000000,"Amount":124.00000000,"Done":false},{"Time":"2019-04-16T07:07:41","Situation":"flat","Type":"ask","Price":67.00000000,"Amount":84.61078000,"Done":false},{"Time":"2019-04-16T07:07:41","Situation":"flat","Type":"ask","Price":67.80000000,"Amount":130.47034000,"Done":false},{"Time":"2019-04-16T07:12:45","Situation":"flat","Type":"ask","Price":64.80000000,"Amount":626.84576000,"Done":false},{"Time":"2019-04-16T07:12:45","Situation":"flat","Type":"ask","Price":64.97000000,"Amount":124.00000000,"Done":false},{"Time":"2019-04-16T07:12:45","Situation":"flat","Type":"ask","Price":67.00000000,"Amount":84.61078000,"Done":false},{"Time":"2019-04-16T07:12:45","Situation":"flat","Type":"ask","Price":67.80000000,"Amount":130.47034000,"Done":false},{"Time":"2019-04-16T07:17:49","Situation":"flat","Type":"ask","Price":64.80000000,"Amount":626.84576000,"Done":false},{"Time":"2019-04-16T07:17:49","Situation":"flat","Type":"ask","Price":64.97000000,"Amount":124.00000000,"Done":false},{"Time":"2019-04-16T07:17:49","Situation":"flat","Type":"ask","Price":67.00000000,"Amount":84.61078000,"Done":false},{"Time":"2019-04-16T07:17:49","Situation":"flat","Type":"ask","Price":67.80000000,"Amount":130.47034000,"Done":false},{"Time":"2019-04-16T07:22:53","Situation":"flat","Type":"ask","Price":64.80000000,"Amount":626.84576000,"Done":false},{"Time":"2019-04-16T07:22:53","Situation":"flat","Type":"ask","Price":64.97000000,"Amount":124.00000000,"Done":false},{"Time":"2019-04-16T07:22:53","Situation":"flat","Type":"ask","Price":67.00000000,"Amount":84.61078000,"Done":false},{"Time":"2019-04-16T07:22:53","Situation":"flat","Type":"ask","Price":67.80000000,"Amount":130.47034000,"Done":false},{"Time":"2019-04-16T07:27:57","Situation":"flat","Type":"ask","Price":64.80000000,"Amount":626.84576000,"Done":false},{"Time":"2019-04-16T07:27:57","Situation":"flat","Type":"ask","Price":64.97000000,"Amount":124.77463000,"Done":false},{"Time":"2019-04-16T07:27:57","Situation":"flat","Type":"ask","Price":67.00000000,"Amount":84.61078000,"Done":false},{"Time":"2019-04-16T07:27:57","Situation":"flat","Type":"ask","Price":67.80000000,"Amount":130.47034000,"Done":false},{"Time":"2019-04-16T07:32:58","Situation":"flat","Type":"ask","Price":64.79000000,"Amount":124.20065000,"Done":false},{"Time":"2019-04-16T07:32:58","Situation":"flat","Type":"ask","Price":64.80000000,"Amount":626.84576000,"Done":false},{"Time":"2019-04-16T07:32:58","Situation":"flat","Type":"ask","Price":67.00000000,"Amount":84.61078000,"Done":false},{"Time":"2019-04-16T07:32:58","Situation":"flat","Type":"ask","Price":67.80000000,"Amount":130.47034000,"Done":false},{"Time":"2019-04-16T07:37:59","Situation":"flat","Type":"ask","Price":64.79000000,"Amount":124.20065000,"Done":false},{"Time":"2019-04-16T07:37:59","Situation":"flat","Type":"ask","Price":64.80000000,"Amount":626.84576000,"Done":false},{"Time":"2019-04-16T07:37:59","Situation":"flat","Type":"ask","Price":67.00000000,"Amount":84.61078000,"Done":false},{"Time":"2019-04-16T07:37:59","Situation":"flat","Type":"ask","Price":67.80000000,"Amount":130.47034000,"Done":false},{"Time":"2019-04-16T07:43:00","Situation":"flat","Type":"ask","Price":64.79000000,"Amount":124.20065000,"Done":false},{"Time":"2019-04-16T07:43:00","Situation":"flat","Type":"ask","Price":64.80000000,"Amount":626.84576000,"Done":false},{"Time":"2019-04-16T07:43:00","Situation":"flat","Type":"ask","Price":67.00000000,"Amount":84.61078000,"Done":false},{"Time":"2019-04-16T07:43:00","Situation":"flat","Type":"ask","Price":67.80000000,"Amount":130.47034000,"Done":false},{"Time":"2019-04-16T07:48:00","Situation":"flat","Type":"ask","Price":64.80000000,"Amount":626.84576000,"Done":false},{"Time":"2019-04-16T07:48:00","Situation":"flat","Type":"ask","Price":64.98000000,"Amount":124.00000000,"Done":false},{"Time":"2019-04-16T07:48:00","Situation":"flat","Type":"ask","Price":67.00000000,"Amount":84.61078000,"Done":false},{"Time":"2019-04-16T07:48:00","Situation":"flat","Type":"ask","Price":67.80000000,"Amount":130.47034000,"Done":false},{"Time":"2019-04-16T07:53:06","Situation":"flat","Type":"ask","Price":64.80000000,"Amount":626.84576000,"Done":false},{"Time":"2019-04-16T07:53:06","Situation":"flat","Type":"ask","Price":64.98000000,"Amount":124.00000000,"Done":false},{"Time":"2019-04-16T07:53:06","Situation":"flat","Type":"ask","Price":67.00000000,"Amount":84.61078000,"Done":false},{"Time":"2019-04-16T07:53:06","Situation":"flat","Type":"ask","Price":67.80000000,"Amount":130.47034000,"Done":false},{"Time":"2019-04-16T07:58:10","Situation":"flat","Type":"ask","Price":64.80000000,"Amount":626.84576000,"Done":false},{"Time":"2019-04-16T07:58:10","Situation":"flat","Type":"ask","Price":64.98000000,"Amount":124.00000000,"Done":false},{"Time":"2019-04-16T07:58:10","Situation":"flat","Type":"ask","Price":67.00000000,"Amount":84.61078000,"Done":false},{"Time":"2019-04-16T07:58:10","Situation":"flat","Type":"ask","Price":67.80000000,"Amount":130.47034000,"Done":false},{"Time":"2019-04-16T08:03:14","Situation":"flat","Type":"ask","Price":64.79000000,"Amount":124.20065000,"Done":false},{"Time":"2019-04-16T08:03:14","Situation":"flat","Type":"ask","Price":64.80000000,"Amount":626.84576000,"Done":false},{"Time":"2019-04-16T08:03:14","Situation":"flat","Type":"ask","Price":67.00000000,"Amount":84.61078000,"Done":false},{"Time":"2019-04-16T08:03:14","Situation":"flat","Type":"ask","Price":67.80000000,"Amount":130.47034000,"Done":false},{"Time":"2019-04-16T08:08:15","Situation":"flat","Type":"ask","Price":64.80000000,"Amount":626.84576000,"Done":false},{"Time":"2019-04-16T08:08:15","Situation":"flat","Type":"ask","Price":64.97000000,"Amount":124.00000000,"Done":false},{"Time":"2019-04-16T08:08:15","Situation":"flat","Type":"ask","Price":67.00000000,"Amount":84.61078000,"Done":false},{"Time":"2019-04-16T08:08:15","Situation":"flat","Type":"ask","Price":67.80000000,"Amount":130.47034000,"Done":false},{"Time":"2019-04-16T08:13:16","Situation":"flat","Type":"ask","Price":64.80000000,"Amount":626.84576000,"Done":false},{"Time":"2019-04-16T08:13:16","Situation":"flat","Type":"ask","Price":65.22000000,"Amount":127.17914000,"Done":false},{"Time":"2019-04-16T08:13:16","Situation":"flat","Type":"ask","Price":67.00000000,"Amount":84.61078000,"Done":false},{"Time":"2019-04-16T08:13:16","Situation":"flat","Type":"ask","Price":67.80000000,"Amount":130.47034000,"Done":false},{"Time":"2019-04-16T08:18:16","Situation":"flat","Type":"ask","Price":64.80000000,"Amount":626.84576000,"Done":false},{"Time":"2019-04-16T08:18:16","Situation":"flat","Type":"ask","Price":65.22000000,"Amount":124.00000000,"Done":false},{"Time":"2019-04-16T08:18:16","Situation":"flat","Type":"ask","Price":67.00000000,"Amount":84.61078000,"Done":false},{"Time":"2019-04-16T08:18:16","Situation":"flat","Type":"ask","Price":67.80000000,"Amount":130.47034000,"Done":false},{"Time":"2019-04-16T08:23:16","Situation":"flat","Type":"ask","Price":64.80000000,"Amount":626.84576000,"Done":false},{"Time":"2019-04-16T08:23:16","Situation":"flat","Type":"ask","Price":65.22000000,"Amount":124.00000000,"Done":false},{"Time":"2019-04-16T08:23:16","Situation":"flat","Type":"ask","Price":67.00000000,"Amount":84.61078000,"Done":false},{"Time":"2019-04-16T08:23:16","Situation":"flat","Type":"ask","Price":67.80000000,"Amount":130.47034000,"Done":false},{"Time":"2019-04-16T08:28:20","Situation":"flat","Type":"ask","Price":64.80000000,"Amount":631.75538000,"Done":false},{"Time":"2019-04-16T08:28:20","Situation":"flat","Type":"ask","Price":65.22000000,"Amount":127.17914000,"Done":false},{"Time":"2019-04-16T08:28:20","Situation":"flat","Type":"ask","Price":67.00000000,"Amount":84.61078000,"Done":false},{"Time":"2019-04-16T08:28:20","Situation":"flat","Type":"ask","Price":67.80000000,"Amount":130.47034000,"Done":false},{"Time":"2019-04-16T08:33:20","Situation":"flat","Type":"ask","Price":64.80000000,"Amount":584.66301000,"Done":false},{"Time":"2019-04-16T08:33:20","Situation":"flat","Type":"ask","Price":65.22000000,"Amount":124.00000000,"Done":false},{"Time":"2019-04-16T08:33:20","Situation":"flat","Type":"ask","Price":67.00000000,"Amount":84.61078000,"Done":false},{"Time":"2019-04-16T08:33:20","Situation":"flat","Type":"ask","Price":67.80000000,"Amount":130.47034000,"Done":false},{"Time":"2019-04-16T08:38:24","Situation":"flat","Type":"ask","Price":64.80000000,"Amount":281.56970000,"Done":false},{"Time":"2019-04-16T08:38:24","Situation":"flat","Type":"ask","Price":65.22000000,"Amount":124.00000000,"Done":false},{"Time":"2019-04-16T08:38:24","Situation":"flat","Type":"ask","Price":67.00000000,"Amount":84.61078000,"Done":false},{"Time":"2019-04-16T08:38:24","Situation":"flat","Type":"ask","Price":67.80000000,"Amount":130.47034000,"Done":false},{"Time":"2019-04-16T08:43:28","Situation":"flat","Type":"ask","Price":64.80000000,"Amount":261.66270000,"Done":false},{"Time":"2019-04-16T08:43:28","Situation":"flat","Type":"ask","Price":65.22000000,"Amount":124.00000000,"Done":false},{"Time":"2019-04-16T08:43:28","Situation":"flat","Type":"ask","Price":67.00000000,"Amount":84.61078000,"Done":false},{"Time":"2019-04-16T08:43:28","Situation":"flat","Type":"ask","Price":67.80000000,"Amount":130.47034000,"Done":false},{"Time":"2019-04-16T08:48:29","Situation":"flat","Type":"ask","Price":64.80000000,"Amount":187.46381000,"Done":false},{"Time":"2019-04-16T08:48:29","Situation":"flat","Type":"ask","Price":65.19000000,"Amount":84.35949000,"Done":false},{"Time":"2019-04-16T08:48:29","Situation":"flat","Type":"ask","Price":65.22000000,"Amount":124.00000000,"Done":false},{"Time":"2019-04-16T08:48:29","Situation":"flat","Type":"ask","Price":67.00000000,"Amount":84.61078000,"Done":false},{"Time":"2019-04-16T08:48:29","Situation":"flat","Type":"ask","Price":67.80000000,"Amount":130.47034000,"Done":false},{"Time":"2019-04-16T08:53:31","Situation":"flat","Type":"ask","Price":64.80000000,"Amount":179.33022000,"Done":false},{"Time":"2019-04-16T08:53:31","Situation":"flat","Type":"ask","Price":65.22000000,"Amount":124.00000000,"Done":false},{"Time":"2019-04-16T08:53:31","Situation":"flat","Type":"ask","Price":67.00000000,"Amount":84.61078000,"Done":false},{"Time":"2019-04-16T08:53:31","Situation":"flat","Type":"ask","Price":67.80000000,"Amount":130.47034000,"Done":false},{"Time":"2019-04-16T08:58:35","Situation":"flat","Type":"ask","Price":64.80000000,"Amount":167.74082000,"Done":false},{"Time":"2019-04-16T08:58:35","Situation":"flat","Type":"ask","Price":65.22000000,"Amount":124.00000000,"Done":false},{"Time":"2019-04-16T08:58:35","Situation":"flat","Type":"ask","Price":67.00000000,"Amount":84.61078000,"Done":false},{"Time":"2019-04-16T08:58:35","Situation":"flat","Type":"ask","Price":67.80000000,"Amount":130.47034000,"Done":false},{"Time":"2019-04-16T09:03:35","Situation":"flat","Type":"ask","Price":64.80000000,"Amount":153.49555000,"Done":false},{"Time":"2019-04-16T09:03:35","Situation":"flat","Type":"ask","Price":65.22000000,"Amount":124.00000000,"Done":false},{"Time":"2019-04-16T09:03:35","Situation":"flat","Type":"ask","Price":67.00000000,"Amount":84.61078000,"Done":false},{"Time":"2019-04-16T09:03:35","Situation":"flat","Type":"ask","Price":67.80000000,"Amount":130.47034000,"Done":false},{"Time":"2019-04-16T09:08:35","Situation":"flat","Type":"ask","Price":64.80000000,"Amount":89.33540000,"Done":false},{"Time":"2019-04-16T09:08:35","Situation":"flat","Type":"ask","Price":65.22000000,"Amount":124.00000000,"Done":false},{"Time":"2019-04-16T09:08:35","Situation":"flat","Type":"ask","Price":67.00000000,"Amount":84.61078000,"Done":false},{"Time":"2019-04-16T09:08:35","Situation":"flat","Type":"ask","Price":67.80000000,"Amount":130.47034000,"Done":false},{"Time":"2019-04-16T09:13:38","Situation":"flat","Type":"ask","Price":65.22000000,"Amount":124.00000000,"Done":false},{"Time":"2019-04-16T09:13:38","Situation":"flat","Type":"ask","Price":67.00000000,"Amount":84.61078000,"Done":false},{"Time":"2019-04-16T09:13:38","Situation":"flat","Type":"ask","Price":67.80000000,"Amount":130.47034000,"Done":false},{"Time":"2019-04-16T09:18:39","Situation":"flat","Type":"ask","Price":65.22000000,"Amount":124.00000000,"Done":false},{"Time":"2019-04-16T09:18:39","Situation":"flat","Type":"ask","Price":67.00000000,"Amount":84.61078000,"Done":false},{"Time":"2019-04-16T09:18:39","Situation":"flat","Type":"ask","Price":67.80000000,"Amount":130.47034000,"Done":false},{"Time":"2019-04-16T09:23:41","Situation":"flat","Type":"ask","Price":65.17000000,"Amount":83.78335000,"Done":false},{"Time":"2019-04-16T09:23:41","Situation":"flat","Type":"ask","Price":65.45000000,"Amount":124.00000000,"Done":false},{"Time":"2019-04-16T09:23:41","Situation":"flat","Type":"ask","Price":67.00000000,"Amount":84.61078000,"Done":false},{"Time":"2019-04-16T09:23:41","Situation":"flat","Type":"ask","Price":67.80000000,"Amount":130.47034000,"Done":false},{"Time":"2019-04-16T09:28:42","Situation":"flat","Type":"ask","Price":65.45000000,"Amount":124.00000000,"Done":false},{"Time":"2019-04-16T09:28:42","Situation":"flat","Type":"ask","Price":67.00000000,"Amount":84.61078000,"Done":false},{"Time":"2019-04-16T09:28:42","Situation":"flat","Type":"ask","Price":67.80000000,"Amount":130.47034000,"Done":false},{"Time":"2019-04-16T09:33:46","Situation":"flat","Type":"ask","Price":65.45000000,"Amount":124.00000000,"Done":false},{"Time":"2019-04-16T09:33:46","Situation":"flat","Type":"ask","Price":67.00000000,"Amount":84.61078000,"Done":false},{"Time":"2019-04-16T09:33:46","Situation":"flat","Type":"ask","Price":67.80000000,"Amount":130.47034000,"Done":false},{"Time":"2019-04-16T09:38:50","Situation":"flat","Type":"ask","Price":65.45000000,"Amount":124.00000000,"Done":false},{"Time":"2019-04-16T09:38:50","Situation":"flat","Type":"ask","Price":67.00000000,"Amount":84.61078000,"Done":false},{"Time":"2019-04-16T09:38:50","Situation":"flat","Type":"ask","Price":67.80000000,"Amount":130.47034000,"Done":false},{"Time":"2019-04-16T09:43:54","Situation":"flat","Type":"ask","Price":65.45000000,"Amount":124.00000000,"Done":false},{"Time":"2019-04-16T09:43:54","Situation":"flat","Type":"ask","Price":67.00000000,"Amount":84.61078000,"Done":false},{"Time":"2019-04-16T09:43:54","Situation":"flat","Type":"ask","Price":67.80000000,"Amount":130.47034000,"Done":false},{"Time":"2019-04-16T09:48:55","Situation":"flat","Type":"ask","Price":65.45000000,"Amount":124.00000000,"Done":false},{"Time":"2019-04-16T09:48:55","Situation":"flat","Type":"ask","Price":67.00000000,"Amount":84.61078000,"Done":false},{"Time":"2019-04-16T09:48:55","Situation":"flat","Type":"ask","Price":67.80000000,"Amount":130.47034000,"Done":false},{"Time":"2019-04-16T09:53:55","Situation":"flat","Type":"ask","Price":65.45000000,"Amount":124.00000000,"Done":false},{"Time":"2019-04-16T09:53:55","Situation":"flat","Type":"ask","Price":67.00000000,"Amount":84.61078000,"Done":false},{"Time":"2019-04-16T09:53:55","Situation":"flat","Type":"ask","Price":67.80000000,"Amount":130.47034000,"Done":false},{"Time":"2019-04-16T09:58:55","Situation":"flat","Type":"ask","Price":65.45000000,"Amount":124.00000000,"Done":false},{"Time":"2019-04-16T09:58:55","Situation":"flat","Type":"ask","Price":67.00000000,"Amount":84.61078000,"Done":false},{"Time":"2019-04-16T09:58:55","Situation":"flat","Type":"ask","Price":67.80000000,"Amount":130.47034000,"Done":false},{"Time":"2019-04-16T10:02:16","Situation":"trend","Type":"ask","Price":65.45000000,"Amount":124.00000000,"Done":false},{"Time":"2019-04-16T10:02:16","Situation":"trend","Type":"ask","Price":67.00000000,"Amount":84.61078000,"Done":false},{"Time":"2019-04-16T10:02:16","Situation":"trend","Type":"ask","Price":67.80000000,"Amount":130.47034000,"Done":false},{"Time":"2019-04-16T10:07:16","Situation":"flat","Type":"ask","Price":65.24000000,"Amount":124.00000000,"Done":false},{"Time":"2019-04-16T10:07:16","Situation":"flat","Type":"ask","Price":67.00000000,"Amount":84.61078000,"Done":false},{"Time":"2019-04-16T10:07:16","Situation":"flat","Type":"ask","Price":67.80000000,"Amount":130.47034000,"Done":false},{"Time":"2019-04-16T10:12:19","Situation":"flat","Type":"ask","Price":65.24000000,"Amount":124.00000000,"Done":false},{"Time":"2019-04-16T10:12:19","Situation":"flat","Type":"ask","Price":67.00000000,"Amount":84.61078000,"Done":false},{"Time":"2019-04-16T10:12:19","Situation":"flat","Type":"ask","Price":67.80000000,"Amount":130.47034000,"Done":false},{"Time":"2019-04-16T10:17:23","Situation":"flat","Type":"ask","Price":65.24000000,"Amount":124.00000000,"Done":false},{"Time":"2019-04-16T10:17:23","Situation":"flat","Type":"ask","Price":67.00000000,"Amount":84.61078000,"Done":false},{"Time":"2019-04-16T10:17:23","Situation":"flat","Type":"ask","Price":67.80000000,"Amount":130.47034000,"Done":false},{"Time":"2019-04-16T10:22:25","Situation":"flat","Type":"ask","Price":64.64000000,"Amount":481.48181000,"Done":false},{"Time":"2019-04-16T10:22:25","Situation":"flat","Type":"ask","Price":65.24000000,"Amount":124.77363000,"Done":false},{"Time":"2019-04-16T10:22:25","Situation":"flat","Type":"ask","Price":67.00000000,"Amount":84.61078000,"Done":false},{"Time":"2019-04-16T10:22:25","Situation":"flat","Type":"ask","Price":67.80000000,"Amount":130.47034000,"Done":false},{"Time":"2019-04-16T10:24:05","Situation":"trend","Type":"ask","Price":65.01000000,"Amount":85.09556000,"Done":false},{"Time":"2019-04-16T10:24:05","Situation":"trend","Type":"ask","Price":65.02000000,"Amount":124.00000000,"Done":false},{"Time":"2019-04-16T10:24:05","Situation":"trend","Type":"ask","Price":67.00000000,"Amount":84.61078000,"Done":false},{"Time":"2019-04-16T10:24:05","Situation":"trend","Type":"ask","Price":67.80000000,"Amount":130.47034000,"Done":false},{"Time":"2019-04-16T10:29:06","Situation":"flat","Type":"ask","Price":64.82000000,"Amount":124.00000000,"Done":false},{"Time":"2019-04-16T10:29:06","Situation":"flat","Type":"ask","Price":67.00000000,"Amount":84.61078000,"Done":false},{"Time":"2019-04-16T10:29:06","Situation":"flat","Type":"ask","Price":67.80000000,"Amount":130.47034000,"Done":false},{"Time":"2019-04-16T10:34:09","Situation":"flat","Type":"ask","Price":64.91000000,"Amount":124.00000000,"Done":false},{"Time":"2019-04-16T10:34:09","Situation":"flat","Type":"ask","Price":67.00000000,"Amount":84.61078000,"Done":false},{"Time":"2019-04-16T10:34:09","Situation":"flat","Type":"ask","Price":67.80000000,"Amount":130.47034000,"Done":false},{"Time":"2019-04-16T10:39:11","Situation":"flat","Type":"ask","Price":64.91000000,"Amount":124.00000000,"Done":false},{"Time":"2019-04-16T10:39:11","Situation":"flat","Type":"ask","Price":67.00000000,"Amount":84.61078000,"Done":false},{"Time":"2019-04-16T10:39:11","Situation":"flat","Type":"ask","Price":67.80000000,"Amount":130.47034000,"Done":false},{"Time":"2019-04-16T10:44:15","Situation":"flat","Type":"ask","Price":64.91000000,"Amount":124.00000000,"Done":false},{"Time":"2019-04-16T10:44:15","Situation":"flat","Type":"ask","Price":67.00000000,"Amount":84.61078000,"Done":false},{"Time":"2019-04-16T10:44:15","Situation":"flat","Type":"ask","Price":67.80000000,"Amount":130.47034000,"Done":false},{"Time":"2019-04-16T10:49:16","Situation":"flat","Type":"ask","Price":64.91000000,"Amount":124.00000000,"Done":false},{"Time":"2019-04-16T10:49:16","Situation":"flat","Type":"ask","Price":67.00000000,"Amount":84.61078000,"Done":false},{"Time":"2019-04-16T10:49:16","Situation":"flat","Type":"ask","Price":67.80000000,"Amount":130.47034000,"Done":false},{"Time":"2019-04-16T10:54:17","Situation":"flat","Type":"ask","Price":64.91000000,"Amount":124.00000000,"Done":false},{"Time":"2019-04-16T10:54:17","Situation":"flat","Type":"ask","Price":67.00000000,"Amount":84.61078000,"Done":false},{"Time":"2019-04-16T10:54:17","Situation":"flat","Type":"ask","Price":67.80000000,"Amount":130.47034000,"Done":false},{"Time":"2019-04-16T10:59:20","Situation":"flat","Type":"ask","Price":65.10000000,"Amount":124.00000000,"Done":false},{"Time":"2019-04-16T10:59:20","Situation":"flat","Type":"ask","Price":67.00000000,"Amount":84.61078000,"Done":false},{"Time":"2019-04-16T10:59:20","Situation":"flat","Type":"ask","Price":67.80000000,"Amount":130.47034000,"Done":false},{"Time":"2019-04-16T11:04:24","Situation":"flat","Type":"ask","Price":65.10000000,"Amount":124.00000000,"Done":false},{"Time":"2019-04-16T11:04:24","Situation":"flat","Type":"ask","Price":67.00000000,"Amount":84.61078000,"Done":false},{"Time":"2019-04-16T11:04:24","Situation":"flat","Type":"ask","Price":67.80000000,"Amount":130.47034000,"Done":false},{"Time":"2019-04-16T11:09:25","Situation":"flat","Type":"ask","Price":65.10000000,"Amount":124.00000000,"Done":false},{"Time":"2019-04-16T11:09:25","Situation":"flat","Type":"ask","Price":67.00000000,"Amount":84.61078000,"Done":false},{"Time":"2019-04-16T11:09:25","Situation":"flat","Type":"ask","Price":67.80000000,"Amount":130.47034000,"Done":false},{"Time":"2019-04-16T11:14:25","Situation":"flat","Type":"ask","Price":64.91000000,"Amount":124.00000000,"Done":false},{"Time":"2019-04-16T11:14:25","Situation":"flat","Type":"ask","Price":67.00000000,"Amount":84.61078000,"Done":false},{"Time":"2019-04-16T11:14:25","Situation":"flat","Type":"ask","Price":67.80000000,"Amount":130.47034000,"Done":false},{"Time":"2019-04-16T11:19:25","Situation":"flat","Type":"ask","Price":65.10000000,"Amount":124.00000000,"Done":false},{"Time":"2019-04-16T11:19:25","Situation":"flat","Type":"ask","Price":67.00000000,"Amount":84.61078000,"Done":false},{"Time":"2019-04-16T11:19:25","Situation":"flat","Type":"ask","Price":67.80000000,"Amount":130.47034000,"Done":false},{"Time":"2019-04-16T11:24:28","Situation":"flat","Type":"ask","Price":65.10000000,"Amount":126.00000000,"Done":false},{"Time":"2019-04-16T11:24:28","Situation":"flat","Type":"ask","Price":67.00000000,"Amount":84.61078000,"Done":false},{"Time":"2019-04-16T11:24:28","Situation":"flat","Type":"ask","Price":67.80000000,"Amount":130.47034000,"Done":false},{"Time":"2019-04-16T11:29:31","Situation":"flat","Type":"ask","Price":65.10000000,"Amount":124.00000000,"Done":false},{"Time":"2019-04-16T11:29:31","Situation":"flat","Type":"ask","Price":67.00000000,"Amount":84.61078000,"Done":false},{"Time":"2019-04-16T11:29:31","Situation":"flat","Type":"ask","Price":67.80000000,"Amount":130.47034000,"Done":false},{"Time":"2019-04-16T11:34:34","Situation":"flat","Type":"ask","Price":64.91000000,"Amount":127.17914000,"Done":false},{"Time":"2019-04-16T11:34:34","Situation":"flat","Type":"ask","Price":67.00000000,"Amount":84.61078000,"Done":false},{"Time":"2019-04-16T11:34:34","Situation":"flat","Type":"ask","Price":67.80000000,"Amount":130.47034000,"Done":false},{"Time":"2019-04-16T11:39:35","Situation":"flat","Type":"ask","Price":65.10000000,"Amount":124.00000000,"Done":false},{"Time":"2019-04-16T11:39:35","Situation":"flat","Type":"ask","Price":67.00000000,"Amount":84.61078000,"Done":false},{"Time":"2019-04-16T11:39:35","Situation":"flat","Type":"ask","Price":67.80000000,"Amount":130.47034000,"Done":false},{"Time":"2019-04-16T11:44:35","Situation":"flat","Type":"ask","Price":65.33000000,"Amount":124.00000000,"Done":false},{"Time":"2019-04-16T11:44:35","Situation":"flat","Type":"ask","Price":67.00000000,"Amount":84.61078000,"Done":false},{"Time":"2019-04-16T11:44:35","Situation":"flat","Type":"ask","Price":67.80000000,"Amount":130.47034000,"Done":false},{"Time":"2019-04-16T11:49:38","Situation":"flat","Type":"ask","Price":65.33000000,"Amount":124.00000000,"Done":false},{"Time":"2019-04-16T11:49:38","Situation":"flat","Type":"ask","Price":67.00000000,"Amount":84.61078000,"Done":false},{"Time":"2019-04-16T11:49:38","Situation":"flat","Type":"ask","Price":67.80000000,"Amount":130.47034000,"Done":false},{"Time":"2019-04-16T11:54:40","Situation":"flat","Type":"ask","Price":65.14000000,"Amount":124.20000000,"Done":false},{"Time":"2019-04-16T11:54:40","Situation":"flat","Type":"ask","Price":67.00000000,"Amount":84.61078000,"Done":false},{"Time":"2019-04-16T11:54:40","Situation":"flat","Type":"ask","Price":67.80000000,"Amount":130.47034000,"Done":false},{"Time":"2019-04-16T11:59:40","Situation":"flat","Type":"ask","Price":65.14000000,"Amount":124.20000000,"Done":false},{"Time":"2019-04-16T11:59:40","Situation":"flat","Type":"ask","Price":67.00000000,"Amount":84.61078000,"Done":false},{"Time":"2019-04-16T11:59:40","Situation":"flat","Type":"ask","Price":67.80000000,"Amount":130.47034000,"Done":false},{"Time":"2019-04-16T12:04:40","Situation":"flat","Type":"ask","Price":65.14000000,"Amount":124.20000000,"Done":false},{"Time":"2019-04-16T12:04:40","Situation":"flat","Type":"ask","Price":67.00000000,"Amount":84.61078000,"Done":false},{"Time":"2019-04-16T12:04:40","Situation":"flat","Type":"ask","Price":67.80000000,"Amount":130.47034000,"Done":false},{"Time":"2019-04-16T12:09:41","Situation":"flat","Type":"ask","Price":65.36000000,"Amount":125.19428000,"Done":false},{"Time":"2019-04-16T12:09:41","Situation":"flat","Type":"ask","Price":67.00000000,"Amount":84.61078000,"Done":false},{"Time":"2019-04-16T12:09:41","Situation":"flat","Type":"ask","Price":67.80000000,"Amount":130.47034000,"Done":false},{"Time":"2019-04-16T12:14:43","Situation":"flat","Type":"ask","Price":67.00000000,"Amount":84.61078000,"Done":false},{"Time":"2019-04-16T12:14:43","Situation":"flat","Type":"ask","Price":67.80000000,"Amount":130.47034000,"Done":false},{"Time":"2019-04-16T12:19:44","Situation":"flat","Type":"ask","Price":67.00000000,"Amount":84.61078000,"Done":false},{"Time":"2019-04-16T12:19:44","Situation":"flat","Type":"ask","Price":67.80000000,"Amount":130.47034000,"Done":false},{"Time":"2019-04-16T12:24:46","Situation":"flat","Type":"ask","Price":65.36000000,"Amount":83.17150000,"Done":false},{"Time":"2019-04-16T12:24:46","Situation":"flat","Type":"ask","Price":67.00000000,"Amount":84.61078000,"Done":false},{"Time":"2019-04-16T12:24:46","Situation":"flat","Type":"ask","Price":67.80000000,"Amount":130.47034000,"Done":false},{"Time":"2019-04-16T12:29:48","Situation":"flat","Type":"ask","Price":64.93000000,"Amount":124.00000000,"Done":false},{"Time":"2019-04-16T12:29:48","Situation":"flat","Type":"ask","Price":67.00000000,"Amount":84.61078000,"Done":false},{"Time":"2019-04-16T12:29:48","Situation":"flat","Type":"ask","Price":67.80000000,"Amount":130.47034000,"Done":false},{"Time":"2019-04-16T12:34:52","Situation":"flat","Type":"ask","Price":65.12000000,"Amount":124.00000000,"Done":false},{"Time":"2019-04-16T12:34:52","Situation":"flat","Type":"ask","Price":67.00000000,"Amount":84.61078000,"Done":false},{"Time":"2019-04-16T12:34:52","Situation":"flat","Type":"ask","Price":67.80000000,"Amount":130.47034000,"Done":false},{"Time":"2019-04-16T12:39:53","Situation":"flat","Type":"ask","Price":64.91000000,"Amount":124.00000000,"Done":false},{"Time":"2019-04-16T12:39:53","Situation":"flat","Type":"ask","Price":67.00000000,"Amount":84.61078000,"Done":false},{"Time":"2019-04-16T12:39:53","Situation":"flat","Type":"ask","Price":67.80000000,"Amount":130.47034000,"Done":false},{"Time":"2019-04-16T12:44:53","Situation":"flat","Type":"ask","Price":64.91000000,"Amount":124.00000000,"Done":false},{"Time":"2019-04-16T12:44:53","Situation":"flat","Type":"ask","Price":67.00000000,"Amount":84.61078000,"Done":false},{"Time":"2019-04-16T12:44:53","Situation":"flat","Type":"ask","Price":67.80000000,"Amount":130.47034000,"Done":false},{"Time":"2019-04-16T12:49:56","Situation":"flat","Type":"ask","Price":64.91000000,"Amount":124.00000000,"Done":false},{"Time":"2019-04-16T12:49:56","Situation":"flat","Type":"ask","Price":67.00000000,"Amount":84.61078000,"Done":false},{"Time":"2019-04-16T12:49:56","Situation":"flat","Type":"ask","Price":67.80000000,"Amount":130.47034000,"Done":false},{"Time":"2019-04-16T12:54:59","Situation":"flat","Type":"ask","Price":64.91000000,"Amount":127.17914000,"Done":false},{"Time":"2019-04-16T12:54:59","Situation":"flat","Type":"ask","Price":67.00000000,"Amount":84.61078000,"Done":false},{"Time":"2019-04-16T12:54:59","Situation":"flat","Type":"ask","Price":67.80000000,"Amount":130.47034000,"Done":false},{"Time":"2019-04-16T12:58:44","Situation":"trend","Type":"ask","Price":64.68000000,"Amount":124.00000000,"Done":false},{"Time":"2019-04-16T12:58:44","Situation":"trend","Type":"ask","Price":67.00000000,"Amount":84.61078000,"Done":false},{"Time":"2019-04-16T12:58:44","Situation":"trend","Type":"ask","Price":67.80000000,"Amount":130.47034000,"Done":false}],"OrderBookBids":[{"Time":"2019-04-16T00:03:18","Situation":"trend","Type":"bid","Price":63.41000000,"Amount":260.03109000,"Done":false},{"Time":"2019-04-16T00:03:18","Situation":"trend","Type":"bid","Price":63.18000000,"Amount":145.64537000,"Done":false},{"Time":"2019-04-16T00:03:18","Situation":"trend","Type":"bid","Price":60.00000000,"Amount":406.49222000,"Done":false},{"Time":"2019-04-16T00:08:22","Situation":"flat","Type":"bid","Price":63.41000000,"Amount":162.66388000,"Done":false},{"Time":"2019-04-16T00:08:22","Situation":"flat","Type":"bid","Price":62.99000000,"Amount":124.00000000,"Done":false},{"Time":"2019-04-16T00:08:22","Situation":"flat","Type":"bid","Price":60.00000000,"Amount":406.49222000,"Done":false},{"Time":"2019-04-16T00:13:23","Situation":"flat","Type":"bid","Price":63.48000000,"Amount":102.60001000,"Done":false},{"Time":"2019-04-16T00:13:23","Situation":"flat","Type":"bid","Price":63.41000000,"Amount":162.66388000,"Done":false},{"Time":"2019-04-16T00:13:23","Situation":"flat","Type":"bid","Price":62.99000000,"Amount":124.00000000,"Done":false},{"Time":"2019-04-16T00:18:24","Situation":"flat","Type":"bid","Price":63.44000000,"Amount":84.67400000,"Done":false},{"Time":"2019-04-16T00:18:24","Situation":"flat","Type":"bid","Price":63.41000000,"Amount":162.66388000,"Done":false},{"Time":"2019-04-16T00:18:24","Situation":"flat","Type":"bid","Price":63.16000000,"Amount":124.00000000,"Done":false},{"Time":"2019-04-16T00:23:25","Situation":"flat","Type":"bid","Price":63.42000000,"Amount":96.87399000,"Done":false},{"Time":"2019-04-16T00:23:25","Situation":"flat","Type":"bid","Price":63.41000000,"Amount":209.97503000,"Done":false},{"Time":"2019-04-16T00:23:25","Situation":"flat","Type":"bid","Price":63.16000000,"Amount":124.00000000,"Done":false},{"Time":"2019-04-16T00:28:29","Situation":"flat","Type":"bid","Price":63.41000000,"Amount":162.66388000,"Done":false},{"Time":"2019-04-16T00:28:29","Situation":"flat","Type":"bid","Price":63.16000000,"Amount":124.71005000,"Done":false},{"Time":"2019-04-16T00:33:30","Situation":"flat","Type":"bid","Price":63.41000000,"Amount":162.66388000,"Done":false},{"Time":"2019-04-16T00:33:30","Situation":"flat","Type":"bid","Price":63.15000000,"Amount":131.55548000,"Done":false},{"Time":"2019-04-16T00:33:30","Situation":"flat","Type":"bid","Price":63.00000000,"Amount":97.89794000,"Done":false},{"Time":"2019-04-16T00:33:30","Situation":"flat","Type":"bid","Price":60.00000000,"Amount":406.49222000,"Done":false},{"Time":"2019-04-16T00:38:31","Situation":"flat","Type":"bid","Price":63.41000000,"Amount":162.66388000,"Done":false},{"Time":"2019-04-16T00:38:31","Situation":"flat","Type":"bid","Price":63.15000000,"Amount":131.55548000,"Done":false},{"Time":"2019-04-16T00:38:31","Situation":"flat","Type":"bid","Price":63.00000000,"Amount":97.89794000,"Done":false},{"Time":"2019-04-16T00:43:34","Situation":"flat","Type":"bid","Price":63.41000000,"Amount":162.66388000,"Done":false},{"Time":"2019-04-16T00:43:34","Situation":"flat","Type":"bid","Price":63.15000000,"Amount":131.55548000,"Done":false},{"Time":"2019-04-16T00:43:34","Situation":"flat","Type":"bid","Price":63.00000000,"Amount":94.00000000,"Done":false},{"Time":"2019-04-16T00:48:34","Situation":"flat","Type":"bid","Price":63.41000000,"Amount":162.66388000,"Done":false},{"Time":"2019-04-16T00:48:34","Situation":"flat","Type":"bid","Price":63.32000000,"Amount":124.93304000,"Done":false},{"Time":"2019-04-16T00:53:35","Situation":"flat","Type":"bid","Price":63.41000000,"Amount":162.66388000,"Done":false},{"Time":"2019-04-16T00:53:35","Situation":"flat","Type":"bid","Price":63.32000000,"Amount":127.15041000,"Done":false},{"Time":"2019-04-16T00:58:35","Situation":"flat","Type":"bid","Price":63.41000000,"Amount":162.66388000,"Done":false},{"Time":"2019-04-16T00:58:35","Situation":"flat","Type":"bid","Price":63.32000000,"Amount":124.21888000,"Done":false},{"Time":"2019-04-16T01:03:36","Situation":"flat","Type":"bid","Price":63.41000000,"Amount":162.66388000,"Done":false},{"Time":"2019-04-16T01:03:36","Situation":"flat","Type":"bid","Price":63.32000000,"Amount":124.21888000,"Done":false},{"Time":"2019-04-16T01:08:40","Situation":"flat","Type":"bid","Price":63.41000000,"Amount":162.66388000,"Done":false},{"Time":"2019-04-16T01:08:40","Situation":"flat","Type":"bid","Price":63.32000000,"Amount":124.21888000,"Done":false},{"Time":"2019-04-16T01:13:40","Situation":"flat","Type":"bid","Price":63.49000000,"Amount":132.03200000,"Done":false},{"Time":"2019-04-16T01:13:40","Situation":"flat","Type":"bid","Price":63.41000000,"Amount":172.31251000,"Done":false},{"Time":"2019-04-16T01:15:35","Situation":"trend","Type":"bid","Price":63.49000000,"Amount":135.26754000,"Done":false},{"Time":"2019-04-16T01:15:35","Situation":"trend","Type":"bid","Price":63.41000000,"Amount":193.86879000,"Done":false},{"Time":"2019-04-16T01:15:35","Situation":"trend","Type":"bid","Price":63.32000000,"Amount":124.21888000,"Done":true},{"Time":"2019-04-16T01:20:39","Situation":"flat","Type":"bid","Price":63.84000000,"Amount":124.00000000,"Done":false},{"Time":"2019-04-16T01:20:39","Situation":"flat","Type":"bid","Price":63.41000000,"Amount":162.66388000,"Done":false},{"Time":"2019-04-16T01:25:39","Situation":"flat","Type":"bid","Price":63.84000000,"Amount":124.00000000,"Done":false},{"Time":"2019-04-16T01:25:39","Situation":"flat","Type":"bid","Price":63.41000000,"Amount":162.66388000,"Done":false},{"Time":"2019-04-16T01:30:39","Situation":"flat","Type":"bid","Price":63.84000000,"Amount":124.00000000,"Done":false},{"Time":"2019-04-16T01:30:39","Situation":"flat","Type":"bid","Price":63.41000000,"Amount":162.66388000,"Done":false},{"Time":"2019-04-16T01:35:43","Situation":"flat","Type":"bid","Price":63.84000000,"Amount":124.00000000,"Done":false},{"Time":"2019-04-16T01:35:43","Situation":"flat","Type":"bid","Price":63.41000000,"Amount":162.66388000,"Done":false},{"Time":"2019-04-16T01:40:45","Situation":"flat","Type":"bid","Price":63.84000000,"Amount":124.00000000,"Done":false},{"Time":"2019-04-16T01:40:45","Situation":"flat","Type":"bid","Price":63.41000000,"Amount":162.66388000,"Done":false},{"Time":"2019-04-16T01:45:49","Situation":"flat","Type":"bid","Price":63.65000000,"Amount":124.00000000,"Done":false},{"Time":"2019-04-16T01:45:49","Situation":"flat","Type":"bid","Price":63.41000000,"Amount":162.66388000,"Done":false},{"Time":"2019-04-16T01:50:51","Situation":"flat","Type":"bid","Price":63.65000000,"Amount":124.00000000,"Done":false},{"Time":"2019-04-16T01:50:51","Situation":"flat","Type":"bid","Price":63.41000000,"Amount":162.66388000,"Done":false},{"Time":"2019-04-16T01:55:51","Situation":"flat","Type":"bid","Price":63.65000000,"Amount":124.00000000,"Done":false},{"Time":"2019-04-16T01:55:51","Situation":"flat","Type":"bid","Price":63.41000000,"Amount":162.66388000,"Done":false},{"Time":"2019-04-16T02:00:51","Situation":"flat","Type":"bid","Price":63.65000000,"Amount":124.71046000,"Done":false},{"Time":"2019-04-16T02:00:51","Situation":"flat","Type":"bid","Price":63.41000000,"Amount":162.66388000,"Done":false},{"Time":"2019-04-16T02:05:54","Situation":"flat","Type":"bid","Price":63.65000000,"Amount":124.00000000,"Done":false},{"Time":"2019-04-16T02:05:54","Situation":"flat","Type":"bid","Price":63.41000000,"Amount":162.66388000,"Done":false},{"Time":"2019-04-16T02:10:54","Situation":"flat","Type":"bid","Price":63.65000000,"Amount":124.00000000,"Done":false},{"Time":"2019-04-16T02:10:54","Situation":"flat","Type":"bid","Price":63.41000000,"Amount":162.66388000,"Done":false},{"Time":"2019-04-16T02:15:54","Situation":"flat","Type":"bid","Price":63.69000000,"Amount":124.00000000,"Done":false},{"Time":"2019-04-16T02:15:54","Situation":"flat","Type":"bid","Price":63.41000000,"Amount":168.64614000,"Done":false},{"Time":"2019-04-16T02:20:55","Situation":"flat","Type":"bid","Price":63.69000000,"Amount":124.00000000,"Done":false},{"Time":"2019-04-16T02:20:55","Situation":"flat","Type":"bid","Price":63.41000000,"Amount":162.66388000,"Done":false},{"Time":"2019-04-16T02:25:55","Situation":"flat","Type":"bid","Price":63.69000000,"Amount":124.00000000,"Done":false},{"Time":"2019-04-16T02:25:55","Situation":"flat","Type":"bid","Price":63.41000000,"Amount":170.42507000,"Done":false},{"Time":"2019-04-16T02:30:56","Situation":"flat","Type":"bid","Price":63.70000000,"Amount":84.34822000,"Done":false},{"Time":"2019-04-16T02:30:56","Situation":"flat","Type":"bid","Price":63.69000000,"Amount":124.00000000,"Done":false},{"Time":"2019-04-16T02:30:56","Situation":"flat","Type":"bid","Price":63.41000000,"Amount":166.53662000,"Done":false},{"Time":"2019-04-16T02:35:58","Situation":"flat","Type":"bid","Price":63.69000000,"Amount":124.00000000,"Done":false},{"Time":"2019-04-16T02:35:58","Situation":"flat","Type":"bid","Price":63.41000000,"Amount":162.66388000,"Done":false},{"Time":"2019-04-16T02:41:04","Situation":"flat","Type":"bid","Price":63.69000000,"Amount":124.00000000,"Done":false},{"Time":"2019-04-16T02:41:04","Situation":"flat","Type":"bid","Price":63.41000000,"Amount":166.53662000,"Done":false},{"Time":"2019-04-16T02:46:04","Situation":"flat","Type":"bid","Price":63.53000000,"Amount":84.38246000,"Done":false},{"Time":"2019-04-16T02:46:04","Situation":"flat","Type":"bid","Price":63.50000000,"Amount":124.00000000,"Done":false},{"Time":"2019-04-16T02:46:04","Situation":"flat","Type":"bid","Price":63.41000000,"Amount":163.37113000,"Done":false},{"Time":"2019-04-16T02:51:06","Situation":"flat","Type":"bid","Price":63.53000000,"Amount":84.38246000,"Done":false},{"Time":"2019-04-16T02:51:06","Situation":"flat","Type":"bid","Price":63.50000000,"Amount":124.00000000,"Done":false},{"Time":"2019-04-16T02:51:06","Situation":"flat","Type":"bid","Price":63.41000000,"Amount":225.74541000,"Done":false},{"Time":"2019-04-16T02:56:06","Situation":"flat","Type":"bid","Price":63.50000000,"Amount":124.00000000,"Done":false},{"Time":"2019-04-16T02:56:06","Situation":"flat","Type":"bid","Price":63.41000000,"Amount":162.66388000,"Done":false},{"Time":"2019-04-16T03:01:10","Situation":"flat","Type":"bid","Price":63.50000000,"Amount":124.00000000,"Done":false},{"Time":"2019-04-16T03:01:10","Situation":"flat","Type":"bid","Price":63.41000000,"Amount":162.66388000,"Done":false},{"Time":"2019-04-16T03:06:10","Situation":"flat","Type":"bid","Price":63.79000000,"Amount":104.00831000,"Done":false},{"Time":"2019-04-16T03:06:10","Situation":"flat","Type":"bid","Price":63.50000000,"Amount":124.00000000,"Done":false},{"Time":"2019-04-16T03:06:10","Situation":"flat","Type":"bid","Price":63.41000000,"Amount":162.66388000,"Done":false},{"Time":"2019-04-16T03:11:10","Situation":"flat","Type":"bid","Price":63.50000000,"Amount":155.00000000,"Done":false},{"Time":"2019-04-16T03:11:10","Situation":"flat","Type":"bid","Price":63.41000000,"Amount":162.66388000,"Done":false},{"Time":"2019-04-16T03:16:10","Situation":"flat","Type":"bid","Price":64.00000000,"Amount":141.00000000,"Done":false},{"Time":"2019-04-16T03:16:10","Situation":"flat","Type":"bid","Price":63.50000000,"Amount":155.78003000,"Done":false},{"Time":"2019-04-16T03:16:10","Situation":"flat","Type":"bid","Price":63.41000000,"Amount":162.66388000,"Done":false},{"Time":"2019-04-16T03:21:10","Situation":"flat","Type":"bid","Price":63.90000000,"Amount":121.42703000,"Done":false},{"Time":"2019-04-16T03:21:10","Situation":"flat","Type":"bid","Price":63.70000000,"Amount":84.67014000,"Done":false},{"Time":"2019-04-16T03:21:10","Situation":"flat","Type":"bid","Price":63.69000000,"Amount":124.00000000,"Done":false},{"Time":"2019-04-16T03:21:10","Situation":"flat","Type":"bid","Price":63.41000000,"Amount":162.66388000,"Done":false},{"Time":"2019-04-16T03:26:14","Situation":"flat","Type":"bid","Price":63.92000000,"Amount":165.70556000,"Done":false},{"Time":"2019-04-16T03:26:14","Situation":"flat","Type":"bid","Price":63.69000000,"Amount":124.00000000,"Done":false},{"Time":"2019-04-16T03:26:14","Situation":"flat","Type":"bid","Price":63.41000000,"Amount":162.66388000,"Done":false},{"Time":"2019-04-16T03:31:14","Situation":"flat","Type":"bid","Price":63.69000000,"Amount":124.00000000,"Done":false},{"Time":"2019-04-16T03:31:14","Situation":"flat","Type":"bid","Price":63.41000000,"Amount":166.53662000,"Done":false},{"Time":"2019-04-16T03:36:16","Situation":"flat","Type":"bid","Price":63.52000000,"Amount":124.33799000,"Done":false},{"Time":"2019-04-16T03:36:16","Situation":"flat","Type":"bid","Price":63.41000000,"Amount":162.66388000,"Done":false},{"Time":"2019-04-16T03:41:16","Situation":"flat","Type":"bid","Price":63.52000000,"Amount":124.33799000,"Done":false},{"Time":"2019-04-16T03:41:16","Situation":"flat","Type":"bid","Price":63.41000000,"Amount":162.66388000,"Done":false},{"Time":"2019-04-16T03:46:20","Situation":"flat","Type":"bid","Price":63.52000000,"Amount":124.33799000,"Done":false},{"Time":"2019-04-16T03:46:20","Situation":"flat","Type":"bid","Price":63.41000000,"Amount":162.66388000,"Done":false},{"Time":"2019-04-16T03:51:21","Situation":"flat","Type":"bid","Price":63.52000000,"Amount":125.04401000,"Done":false},{"Time":"2019-04-16T03:51:21","Situation":"flat","Type":"bid","Price":63.41000000,"Amount":163.76587000,"Done":false},{"Time":"2019-04-16T03:56:25","Situation":"flat","Type":"bid","Price":63.52000000,"Amount":124.33799000,"Done":false},{"Time":"2019-04-16T03:56:25","Situation":"flat","Type":"bid","Price":63.41000000,"Amount":162.66388000,"Done":false},{"Time":"2019-04-16T04:01:30","Situation":"flat","Type":"bid","Price":63.52000000,"Amount":124.33799000,"Done":false},{"Time":"2019-04-16T04:01:30","Situation":"flat","Type":"bid","Price":63.41000000,"Amount":162.66388000,"Done":false},{"Time":"2019-04-16T04:06:30","Situation":"flat","Type":"bid","Price":63.52000000,"Amount":124.33799000,"Done":false},{"Time":"2019-04-16T04:06:30","Situation":"flat","Type":"bid","Price":63.41000000,"Amount":162.66388000,"Done":false},{"Time":"2019-04-16T04:11:30","Situation":"flat","Type":"bid","Price":63.52000000,"Amount":124.33799000,"Done":false},{"Time":"2019-04-16T04:11:30","Situation":"flat","Type":"bid","Price":63.41000000,"Amount":162.66388000,"Done":false},{"Time":"2019-04-16T04:16:32","Situation":"flat","Type":"bid","Price":63.52000000,"Amount":124.33799000,"Done":false},{"Time":"2019-04-16T04:16:32","Situation":"flat","Type":"bid","Price":63.41000000,"Amount":162.66388000,"Done":false},{"Time":"2019-04-16T04:21:36","Situation":"flat","Type":"bid","Price":63.64000000,"Amount":84.82799000,"Done":false},{"Time":"2019-04-16T04:21:36","Situation":"flat","Type":"bid","Price":63.52000000,"Amount":124.33799000,"Done":false},{"Time":"2019-04-16T04:21:36","Situation":"flat","Type":"bid","Price":63.41000000,"Amount":162.66388000,"Done":false},{"Time":"2019-04-16T04:26:40","Situation":"flat","Type":"bid","Price":63.69000000,"Amount":124.00000000,"Done":false},{"Time":"2019-04-16T04:26:40","Situation":"flat","Type":"bid","Price":63.41000000,"Amount":162.66388000,"Done":false},{"Time":"2019-04-16T04:31:40","Situation":"flat","Type":"bid","Price":63.70000000,"Amount":83.92577000,"Done":false},{"Time":"2019-04-16T04:31:40","Situation":"flat","Type":"bid","Price":63.69000000,"Amount":124.00000000,"Done":false},{"Time":"2019-04-16T04:31:40","Situation":"flat","Type":"bid","Price":63.41000000,"Amount":162.66388000,"Done":false},{"Time":"2019-04-16T04:36:40","Situation":"flat","Type":"bid","Price":63.69000000,"Amount":186.80420000,"Done":false},{"Time":"2019-04-16T04:36:40","Situation":"flat","Type":"bid","Price":63.41000000,"Amount":162.66388000,"Done":false},{"Time":"2019-04-16T04:41:40","Situation":"flat","Type":"bid","Price":63.69000000,"Amount":124.00000000,"Done":false},{"Time":"2019-04-16T04:41:40","Situation":"flat","Type":"bid","Price":63.41000000,"Amount":162.66388000,"Done":false},{"Time":"2019-04-16T04:46:41","Situation":"flat","Type":"bid","Price":63.77000000,"Amount":83.28685000,"Done":false},{"Time":"2019-04-16T04:46:41","Situation":"flat","Type":"bid","Price":63.69000000,"Amount":124.00000000,"Done":false},{"Time":"2019-04-16T04:46:41","Situation":"flat","Type":"bid","Price":63.41000000,"Amount":162.66388000,"Done":false},{"Time":"2019-04-16T04:51:44","Situation":"flat","Type":"bid","Price":63.86000000,"Amount":124.00000000,"Done":false},{"Time":"2019-04-16T04:51:44","Situation":"flat","Type":"bid","Price":63.41000000,"Amount":162.66388000,"Done":false},{"Time":"2019-04-16T04:56:45","Situation":"flat","Type":"bid","Price":63.86000000,"Amount":124.00000000,"Done":false},{"Time":"2019-04-16T04:56:45","Situation":"flat","Type":"bid","Price":63.41000000,"Amount":162.66388000,"Done":false},{"Time":"2019-04-16T05:01:45","Situation":"flat","Type":"bid","Price":63.86000000,"Amount":124.00000000,"Done":false},{"Time":"2019-04-16T05:01:45","Situation":"flat","Type":"bid","Price":63.41000000,"Amount":162.66388000,"Done":false},{"Time":"2019-04-16T05:06:49","Situation":"flat","Type":"bid","Price":63.67000000,"Amount":124.00000000,"Done":false},{"Time":"2019-04-16T05:06:49","Situation":"flat","Type":"bid","Price":63.41000000,"Amount":162.66388000,"Done":false},{"Time":"2019-04-16T05:11:49","Situation":"flat","Type":"bid","Price":63.67000000,"Amount":124.00000000,"Done":false},{"Time":"2019-04-16T05:11:49","Situation":"flat","Type":"bid","Price":63.41000000,"Amount":162.66388000,"Done":false},{"Time":"2019-04-16T05:16:49","Situation":"flat","Type":"bid","Price":63.67000000,"Amount":124.00000000,"Done":false},{"Time":"2019-04-16T05:16:49","Situation":"flat","Type":"bid","Price":63.41000000,"Amount":162.66388000,"Done":false},{"Time":"2019-04-16T05:21:50","Situation":"flat","Type":"bid","Price":63.67000000,"Amount":124.00000000,"Done":false},{"Time":"2019-04-16T05:21:50","Situation":"flat","Type":"bid","Price":63.41000000,"Amount":162.66388000,"Done":false},{"Time":"2019-04-16T05:26:50","Situation":"flat","Type":"bid","Price":63.67000000,"Amount":124.00000000,"Done":false},{"Time":"2019-04-16T05:26:50","Situation":"flat","Type":"bid","Price":63.41000000,"Amount":162.66388000,"Done":false},{"Time":"2019-04-16T05:31:52","Situation":"flat","Type":"bid","Price":63.84000000,"Amount":126.20363000,"Done":false},{"Time":"2019-04-16T05:31:52","Situation":"flat","Type":"bid","Price":63.41000000,"Amount":162.66388000,"Done":false},{"Time":"2019-04-16T05:36:56","Situation":"flat","Type":"bid","Price":63.86000000,"Amount":124.00000000,"Done":false},{"Time":"2019-04-16T05:36:56","Situation":"flat","Type":"bid","Price":63.41000000,"Amount":162.66388000,"Done":false},{"Time":"2019-04-16T05:42:00","Situation":"flat","Type":"bid","Price":63.86000000,"Amount":126.57344000,"Done":false},{"Time":"2019-04-16T05:42:00","Situation":"flat","Type":"bid","Price":63.41000000,"Amount":162.66388000,"Done":false},{"Time":"2019-04-16T05:47:03","Situation":"flat","Type":"bid","Price":63.86000000,"Amount":126.57344000,"Done":false},{"Time":"2019-04-16T05:47:03","Situation":"flat","Type":"bid","Price":63.41000000,"Amount":162.66388000,"Done":false},{"Time":"2019-04-16T05:52:05","Situation":"flat","Type":"bid","Price":63.86000000,"Amount":124.00000000,"Done":false},{"Time":"2019-04-16T05:52:05","Situation":"flat","Type":"bid","Price":63.64000000,"Amount":83.92217000,"Done":false},{"Time":"2019-04-16T05:52:05","Situation":"flat","Type":"bid","Price":63.41000000,"Amount":162.66388000,"Done":false},{"Time":"2019-04-16T05:57:06","Situation":"flat","Type":"bid","Price":63.86000000,"Amount":124.00000000,"Done":false},{"Time":"2019-04-16T05:57:06","Situation":"flat","Type":"bid","Price":63.41000000,"Amount":162.66388000,"Done":false},{"Time":"2019-04-16T06:02:10","Situation":"flat","Type":"bid","Price":63.86000000,"Amount":124.00000000,"Done":false},{"Time":"2019-04-16T06:02:10","Situation":"flat","Type":"bid","Price":63.41000000,"Amount":162.66388000,"Done":false},{"Time":"2019-04-16T06:07:11","Situation":"flat","Type":"bid","Price":63.86000000,"Amount":124.00000000,"Done":false},{"Time":"2019-04-16T06:07:11","Situation":"flat","Type":"bid","Price":63.41000000,"Amount":162.66388000,"Done":false},{"Time":"2019-04-16T06:12:15","Situation":"flat","Type":"bid","Price":63.66000000,"Amount":124.00000000,"Done":false},{"Time":"2019-04-16T06:12:15","Situation":"flat","Type":"bid","Price":63.41000000,"Amount":162.66388000,"Done":false},{"Time":"2019-04-16T06:17:16","Situation":"flat","Type":"bid","Price":63.84000000,"Amount":124.20363000,"Done":false},{"Time":"2019-04-16T06:17:16","Situation":"flat","Type":"bid","Price":63.41000000,"Amount":162.66388000,"Done":false},{"Time":"2019-04-16T06:22:20","Situation":"flat","Type":"bid","Price":63.84000000,"Amount":124.20363000,"Done":false},{"Time":"2019-04-16T06:22:20","Situation":"flat","Type":"bid","Price":63.41000000,"Amount":162.66388000,"Done":false},{"Time":"2019-04-16T06:27:20","Situation":"flat","Type":"bid","Price":63.84000000,"Amount":124.20363000,"Done":false},{"Time":"2019-04-16T06:27:20","Situation":"flat","Type":"bid","Price":63.41000000,"Amount":162.66388000,"Done":false},{"Time":"2019-04-16T06:32:21","Situation":"flat","Type":"bid","Price":63.84000000,"Amount":124.20363000,"Done":false},{"Time":"2019-04-16T06:32:21","Situation":"flat","Type":"bid","Price":63.41000000,"Amount":162.66388000,"Done":false},{"Time":"2019-04-16T06:37:23","Situation":"flat","Type":"bid","Price":63.84000000,"Amount":124.00000000,"Done":false},{"Time":"2019-04-16T06:37:23","Situation":"flat","Type":"bid","Price":63.41000000,"Amount":162.66388000,"Done":false},{"Time":"2019-04-16T06:42:26","Situation":"flat","Type":"bid","Price":63.84000000,"Amount":124.00000000,"Done":false},{"Time":"2019-04-16T06:42:26","Situation":"flat","Type":"bid","Price":63.41000000,"Amount":162.66388000,"Done":false},{"Time":"2019-04-16T06:47:30","Situation":"flat","Type":"bid","Price":63.84000000,"Amount":124.00000000,"Done":false},{"Time":"2019-04-16T06:47:30","Situation":"flat","Type":"bid","Price":63.65000000,"Amount":83.37798000,"Done":false},{"Time":"2019-04-16T06:47:30","Situation":"flat","Type":"bid","Price":63.41000000,"Amount":162.66388000,"Done":false},{"Time":"2019-04-16T06:52:32","Situation":"flat","Type":"bid","Price":63.84000000,"Amount":142.97272000,"Done":false},{"Time":"2019-04-16T06:52:32","Situation":"flat","Type":"bid","Price":63.41000000,"Amount":162.66388000,"Done":false},{"Time":"2019-04-16T06:57:36","Situation":"flat","Type":"bid","Price":63.84000000,"Amount":142.97272000,"Done":false},{"Time":"2019-04-16T06:57:36","Situation":"flat","Type":"bid","Price":63.41000000,"Amount":162.66388000,"Done":false},{"Time":"2019-04-16T07:02:40","Situation":"flat","Type":"bid","Price":63.84000000,"Amount":125.09457000,"Done":false},{"Time":"2019-04-16T07:02:40","Situation":"flat","Type":"bid","Price":63.41000000,"Amount":162.66388000,"Done":false},{"Time":"2019-04-16T07:07:41","Situation":"flat","Type":"bid","Price":64.21000000,"Amount":124.15574000,"Done":false},{"Time":"2019-04-16T07:07:41","Situation":"flat","Type":"bid","Price":63.41000000,"Amount":164.22514000,"Done":false},{"Time":"2019-04-16T07:12:45","Situation":"flat","Type":"bid","Price":64.04000000,"Amount":124.00000000,"Done":false},{"Time":"2019-04-16T07:12:45","Situation":"flat","Type":"bid","Price":63.41000000,"Amount":164.22514000,"Done":false},{"Time":"2019-04-16T07:17:49","Situation":"flat","Type":"bid","Price":64.21000000,"Amount":124.00000000,"Done":false},{"Time":"2019-04-16T07:17:49","Situation":"flat","Type":"bid","Price":63.41000000,"Amount":164.22514000,"Done":false},{"Time":"2019-04-16T07:22:53","Situation":"flat","Type":"bid","Price":64.21000000,"Amount":124.00000000,"Done":false},{"Time":"2019-04-16T07:22:53","Situation":"flat","Type":"bid","Price":63.41000000,"Amount":162.66388000,"Done":false},{"Time":"2019-04-16T07:27:57","Situation":"flat","Type":"bid","Price":64.03000000,"Amount":124.00000000,"Done":false},{"Time":"2019-04-16T07:27:57","Situation":"flat","Type":"bid","Price":63.41000000,"Amount":162.66388000,"Done":false},{"Time":"2019-04-16T07:32:58","Situation":"flat","Type":"bid","Price":64.03000000,"Amount":124.00000000,"Done":false},{"Time":"2019-04-16T07:32:58","Situation":"flat","Type":"bid","Price":63.41000000,"Amount":162.66388000,"Done":false},{"Time":"2019-04-16T07:37:59","Situation":"flat","Type":"bid","Price":64.03000000,"Amount":124.00000000,"Done":false},{"Time":"2019-04-16T07:37:59","Situation":"flat","Type":"bid","Price":63.41000000,"Amount":162.66388000,"Done":false},{"Time":"2019-04-16T07:43:00","Situation":"flat","Type":"bid","Price":64.03000000,"Amount":124.00000000,"Done":false},{"Time":"2019-04-16T07:43:00","Situation":"flat","Type":"bid","Price":63.41000000,"Amount":162.66388000,"Done":false},{"Time":"2019-04-16T07:48:00","Situation":"flat","Type":"bid","Price":64.03000000,"Amount":124.00000000,"Done":false},{"Time":"2019-04-16T07:48:00","Situation":"flat","Type":"bid","Price":63.41000000,"Amount":162.66388000,"Done":false},{"Time":"2019-04-16T07:53:06","Situation":"flat","Type":"bid","Price":64.03000000,"Amount":124.00000000,"Done":false},{"Time":"2019-04-16T07:53:06","Situation":"flat","Type":"bid","Price":63.41000000,"Amount":162.66388000,"Done":false},{"Time":"2019-04-16T07:58:10","Situation":"flat","Type":"bid","Price":64.03000000,"Amount":124.00000000,"Done":false},{"Time":"2019-04-16T07:58:10","Situation":"flat","Type":"bid","Price":63.41000000,"Amount":164.23816000,"Done":false},{"Time":"2019-04-16T08:03:14","Situation":"flat","Type":"bid","Price":64.03000000,"Amount":124.00000000,"Done":false},{"Time":"2019-04-16T08:03:14","Situation":"flat","Type":"bid","Price":63.41000000,"Amount":164.23816000,"Done":false},{"Time":"2019-04-16T08:08:15","Situation":"flat","Type":"bid","Price":64.21000000,"Amount":84.23513000,"Done":false},{"Time":"2019-04-16T08:08:15","Situation":"flat","Type":"bid","Price":64.20000000,"Amount":124.00000000,"Done":false},{"Time":"2019-04-16T08:08:15","Situation":"flat","Type":"bid","Price":63.41000000,"Amount":164.23816000,"Done":false},{"Time":"2019-04-16T08:13:16","Situation":"flat","Type":"bid","Price":64.20000000,"Amount":124.00000000,"Done":false},{"Time":"2019-04-16T08:13:16","Situation":"flat","Type":"bid","Price":63.41000000,"Amount":162.66388000,"Done":false},{"Time":"2019-04-16T08:18:16","Situation":"flat","Type":"bid","Price":64.20000000,"Amount":124.00000000,"Done":false},{"Time":"2019-04-16T08:18:16","Situation":"flat","Type":"bid","Price":63.41000000,"Amount":162.66388000,"Done":false},{"Time":"2019-04-16T08:23:16","Situation":"flat","Type":"bid","Price":64.37000000,"Amount":124.00000000,"Done":false},{"Time":"2019-04-16T08:23:16","Situation":"flat","Type":"bid","Price":63.41000000,"Amount":162.66388000,"Done":false},{"Time":"2019-04-16T08:28:20","Situation":"flat","Type":"bid","Price":64.37000000,"Amount":124.00000000,"Done":false},{"Time":"2019-04-16T08:28:20","Situation":"flat","Type":"bid","Price":63.41000000,"Amount":162.66388000,"Done":false},{"Time":"2019-04-16T08:33:20","Situation":"flat","Type":"bid","Price":64.37000000,"Amount":124.00000000,"Done":false},{"Time":"2019-04-16T08:33:20","Situation":"flat","Type":"bid","Price":63.41000000,"Amount":162.66388000,"Done":false},{"Time":"2019-04-16T08:38:24","Situation":"flat","Type":"bid","Price":64.37000000,"Amount":124.00000000,"Done":false},{"Time":"2019-04-16T08:38:24","Situation":"flat","Type":"bid","Price":63.41000000,"Amount":162.66388000,"Done":false},{"Time":"2019-04-16T08:43:28","Situation":"flat","Type":"bid","Price":64.37000000,"Amount":124.00000000,"Done":false},{"Time":"2019-04-16T08:43:28","Situation":"flat","Type":"bid","Price":63.41000000,"Amount":162.66388000,"Done":false},{"Time":"2019-04-16T08:48:29","Situation":"flat","Type":"bid","Price":64.59000000,"Amount":124.00000000,"Done":false},{"Time":"2019-04-16T08:48:29","Situation":"flat","Type":"bid","Price":63.41000000,"Amount":162.66388000,"Done":false},{"Time":"2019-04-16T08:53:31","Situation":"flat","Type":"bid","Price":64.59000000,"Amount":124.00000000,"Done":false},{"Time":"2019-04-16T08:53:31","Situation":"flat","Type":"bid","Price":63.41000000,"Amount":162.66388000,"Done":false},{"Time":"2019-04-16T08:58:35","Situation":"flat","Type":"bid","Price":64.39000000,"Amount":124.00000000,"Done":false},{"Time":"2019-04-16T08:58:35","Situation":"flat","Type":"bid","Price":63.41000000,"Amount":162.66388000,"Done":false},{"Time":"2019-04-16T09:03:35","Situation":"flat","Type":"bid","Price":64.39000000,"Amount":124.00000000,"Done":false},{"Time":"2019-04-16T09:03:35","Situation":"flat","Type":"bid","Price":63.41000000,"Amount":162.66388000,"Done":false},{"Time":"2019-04-16T09:08:35","Situation":"flat","Type":"bid","Price":64.39000000,"Amount":124.00000000,"Done":false},{"Time":"2019-04-16T09:08:35","Situation":"flat","Type":"bid","Price":63.41000000,"Amount":162.66388000,"Done":false},{"Time":"2019-04-16T09:13:38","Situation":"flat","Type":"bid","Price":64.39000000,"Amount":124.00000000,"Done":false},{"Time":"2019-04-16T09:13:38","Situation":"flat","Type":"bid","Price":63.41000000,"Amount":162.66388000,"Done":false},{"Time":"2019-04-16T09:18:39","Situation":"flat","Type":"bid","Price":64.39000000,"Amount":124.00000000,"Done":false},{"Time":"2019-04-16T09:18:39","Situation":"flat","Type":"bid","Price":63.41000000,"Amount":162.66388000,"Done":false},{"Time":"2019-04-16T09:23:41","Situation":"flat","Type":"bid","Price":64.39000000,"Amount":126.00000000,"Done":false},{"Time":"2019-04-16T09:23:41","Situation":"flat","Type":"bid","Price":63.41000000,"Amount":162.66388000,"Done":false},{"Time":"2019-04-16T09:28:42","Situation":"flat","Type":"bid","Price":64.39000000,"Amount":124.00000000,"Done":false},{"Time":"2019-04-16T09:28:42","Situation":"flat","Type":"bid","Price":63.41000000,"Amount":162.66388000,"Done":false},{"Time":"2019-04-16T09:33:46","Situation":"flat","Type":"bid","Price":64.39000000,"Amount":126.00000000,"Done":false},{"Time":"2019-04-16T09:33:46","Situation":"flat","Type":"bid","Price":63.41000000,"Amount":162.66388000,"Done":false},{"Time":"2019-04-16T09:38:50","Situation":"flat","Type":"bid","Price":64.39000000,"Amount":124.00000000,"Done":false},{"Time":"2019-04-16T09:38:50","Situation":"flat","Type":"bid","Price":63.41000000,"Amount":162.66388000,"Done":false},{"Time":"2019-04-16T09:43:54","Situation":"flat","Type":"bid","Price":64.59000000,"Amount":137.18779000,"Done":false},{"Time":"2019-04-16T09:43:54","Situation":"flat","Type":"bid","Price":63.41000000,"Amount":162.66388000,"Done":false},{"Time":"2019-04-16T09:48:55","Situation":"flat","Type":"bid","Price":64.59000000,"Amount":124.00000000,"Done":false},{"Time":"2019-04-16T09:48:55","Situation":"flat","Type":"bid","Price":63.41000000,"Amount":162.66388000,"Done":false},{"Time":"2019-04-16T09:53:55","Situation":"flat","Type":"bid","Price":64.59000000,"Amount":124.00000000,"Done":false}