{"OrderBookAsks":[{"Time":"2019-04-01T19:53:36","Situation":"flat","Type":"ask","Price":0.07135000,"Amount":731607.80000000,"Done":false},{"Time":"2019-04-01T19:53:36","Situation":"flat","Type":"ask","Price":0.07145000,"Amount":275638.70000000,"Done":false},{"Time":"2019-04-01T19:53:36","Situation":"flat","Type":"ask","Price":0.07150000,"Amount":538749.80000000,"Done":false},{"Time":"2019-04-01T19:53:36","Situation":"flat","Type":"ask","Price":0.07158000,"Amount":271142.30000000,"Done":false},{"Time":"2019-04-01T19:53:36","Situation":"flat","Type":"ask","Price":0.07170000,"Amount":176017.50000000,"Done":false},{"Time":"2019-04-01T19:53:36","Situation":"flat","Type":"ask","Price":0.07184000,"Amount":267364.00000000,"Done":false},{"Time":"2019-04-01T19:53:36","Situation":"flat","Type":"ask","Price":0.07200000,"Amount":771014.50000000,"Done":false},{"Time":"2019-04-01T19:53:36","Situation":"flat","Type":"ask","Price":0.07215000,"Amount":150804.20000000,"Done":false},{"Time":"2019-04-01T19:53:36","Situation":"flat","Type":"ask","Price":0.07230000,"Amount":167321.30000000,"Done":false},{"Time":"2019-04-01T19:58:44","Situation":"flat","Type":"ask","Price":0.07135000,"Amount":716547.60000000,"Done":false},{"Time":"2019-04-01T19:58:44","Situation":"flat","Type":"ask","Price":0.07145000,"Amount":281960.70000000,"Done":false},{"Time":"2019-04-01T19:58:44","Situation":"flat","Type":"ask","Price":0.07150000,"Amount":541749.80000000,"Done":false},{"Time":"2019-04-01T19:58:44","Situation":"flat","Type":"ask","Price":0.07158000,"Amount":305141.90000000,"Done":false},{"Time":"2019-04-01T19:58:44","Situation":"flat","Type":"ask","Price":0.07170000,"Amount":186530.80000000,"Done":false},{"Time":"2019-04-01T19:58:44","Situation":"flat","Type":"ask","Price":0.07184000,"Amount":278669.00000000,"Done":false},{"Time":"2019-04-01T19:58:44","Situation":"flat","Type":"ask","Price":0.07200000,"Amount":768526.80000000,"Done":false},{"Time":"2019-04-01T19:58:44","Situation":"flat","Type":"ask","Price":0.07230000,"Amount":168442.00000000,"Done":false},{"Time":"2019-04-01T19:58:44","Situation":"flat","Type":"ask","Price":0.07247000,"Amount":150609.50000000,"Done":false},{"Time":"2019-04-01T19:58:44","Situation":"flat","Type":"ask","Price":0.07260000,"Amount":782680.70000000,"Done":false},{"Time":"2019-04-01T20:03:51","Situation":"flat","Type":"ask","Price":0.07135000,"Amount":656776.40000000,"Done":false},{"Time":"2019-04-01T20:03:51","Situation":"flat","Type":"ask","Price":0.07145000,"Amount":309638.50000000,"Done":false},{"Time":"2019-04-01T20:03:51","Situation":"flat","Type":"ask","Price":0.07150000,"Amount":527665.20000000,"Done":false},{"Time":"2019-04-01T20:03:51","Situation":"flat","Type":"ask","Price":0.07158000,"Amount":271142.30000000,"Done":false},{"Time":"2019-04-01T20:03:51","Situation":"flat","Type":"ask","Price":0.07170000,"Amount":186530.80000000,"Done":false},{"Time":"2019-04-01T20:03:51","Situation":"flat","Type":"ask","Price":0.07184000,"Amount":315459.00000000,"Done":false},{"Time":"2019-04-01T20:03:51","Situation":"flat","Type":"ask","Price":0.07200000,"Amount":769226.00000000,"Done":false},{"Time":"2019-04-01T20:03:51","Situation":"flat","Type":"ask","Price":0.07230000,"Amount":168442.00000000,"Done":false},{"Time":"2019-04-01T20:03:51","Situation":"flat","Type":"ask","Price":0.07245000,"Amount":153653.90000000,"Done":false},{"Time":"2019-04-01T20:04:40","Situation":"trend","Type":"ask","Price":0.07135000,"Amount":653972.90000000,"Done":false},{"Time":"2019-04-01T20:04:40","Situation":"trend","Type":"ask","Price":0.07145000,"Amount":275638.70000000,"Done":false},{"Time":"2019-04-01T20:04:40","Situation":"trend","Type":"ask","Price":0.07150000,"Amount":524665.20000000,"Done":false},{"Time":"2019-04-01T20:04:40","Situation":"trend","Type":"ask","Price":0.07158000,"Amount":271142.30000000,"Done":false},{"Time":"2019-04-01T20:04:40","Situation":"trend","Type":"ask","Price":0.07163000,"Amount":356866.00000000,"Done":false},{"Time":"2019-04-01T20:04:40","Situation":"trend","Type":"ask","Price":0.07170000,"Amount":186530.80000000,"Done":false},{"Time":"2019-04-01T20:04:40","Situation":"trend","Type":"ask","Price":0.07200000,"Amount":918417.70000000,"Done":false},{"Time":"2019-04-01T20:04:40","Situation":"trend","Type":"ask","Price":0.07230000,"Amount":168442.00000000,"Done":false},{"Time":"2019-04-01T20:06:18","Situation":"trend","Type":"ask","Price":0.07135000,"Amount":654487.20000000,"Done":false},{"Time":"2019-04-01T20:06:18","Situation":"trend","Type":"ask","Price":0.07145000,"Amount":275638.70000000,"Done":false},{"Time":"2019-04-01T20:06:18","Situation":"trend","Type":"ask","Price":0.07150000,"Amount":568664.80000000,"Done":false},{"Time":"2019-04-01T20:06:18","Situation":"trend","Type":"ask","Price":0.07158000,"Amount":271142.30000000,"Done":false},{"Time":"2019-04-01T20:06:18","Situation":"trend","Type":"ask","Price":0.07170000,"Amount":186530.80000000,"Done":false},{"Time":"2019-04-01T20:06:18","Situation":"trend","Type":"ask","Price":0.07185000,"Amount":408835.10000000,"Done":false},{"Time":"2019-04-01T20:06:18","Situation":"trend","Type":"ask","Price":0.07200000,"Amount":767808.20000000,"Done":false},{"Time":"2019-04-01T20:06:18","Situation":"trend","Type":"ask","Price":0.07230000,"Amount":168442.00000000,"Done":false},{"Time":"2019-04-01T20:06:18","Situation":"trend","Type":"ask","Price":0.07233000,"Amount":151311.00000000,"Done":false},{"Time":"2019-04-01T20:06:18","Situation":"trend","Type":"ask","Price":0.07260000,"Amount":782680.70000000,"Done":false},{"Time":"2019-04-01T20:06:18","Situation":"trend","Type":"ask","Price":0.07184000,"Amount":315459.00000000,"Done":true},{"Time":"2019-04-01T20:06:18","Situation":"trend","Type":"ask","Price":0.07245000,"Amount":153653.90000000,"Done":true},{"Time":"2019-04-01T20:11:24","Situation":"flat","Type":"ask","Price":0.07135000,"Amount":645361.90000000,"Done":false},{"Time":"2019-04-01T20:11:24","Situation":"flat","Type":"ask","Price":0.07145000,"Amount":275638.70000000,"Done":false},{"Time":"2019-04-01T20:11:24","Situation":"flat","Type":"ask","Price":0.07150000,"Amount":554932.50000000,"Done":false},{"Time":"2019-04-01T20:11:24","Situation":"flat","Type":"ask","Price":0.07158000,"Amount":271142.30000000,"Done":false},{"Time":"2019-04-01T20:11:24","Situation":"flat","Type":"ask","Price":0.07165000,"Amount":149593.80000000,"Done":false},{"Time":"2019-04-01T20:11:24","Situation":"flat","Type":"ask","Price":0.07170000,"Amount":176017.50000000,"Done":false},{"Time":"2019-04-01T20:11:24","Situation":"flat","Type":"ask","Price":0.07185000,"Amount":406274.10000000,"Done":false},{"Time":"2019-04-01T20:11:24","Situation":"flat","Type":"ask","Price":0.07200000,"Amount":777808.20000000,"Done":false},{"Time":"2019-04-01T20:11:24","Situation":"flat","Type":"ask","Price":0.07223000,"Amount":163138.00000000,"Done":false},{"Time":"2019-04-01T20:11:24","Situation":"flat","Type":"ask","Price":0.07230000,"Amount":169095.00000000,"Done":false},{"Time":"2019-04-01T20:11:24","Situation":"flat","Type":"ask","Price":0.07260000,"Amount":782680.70000000,"Done":false},{"Time":"2019-04-01T20:16:30","Situation":"flat","Type":"ask","Price":0.07132000,"Amount":248234.50000000,"Done":false},{"Time":"2019-04-01T20:16:30","Situation":"flat","Type":"ask","Price":0.07133000,"Amount":159357.40000000,"Done":false},{"Time":"2019-04-01T20:16:30","Situation":"flat","Type":"ask","Price":0.07135000,"Amount":778741.60000000,"Done":false},{"Time":"2019-04-01T20:16:30","Situation":"flat","Type":"ask","Price":0.07145000,"Amount":275638.70000000,"Done":false},{"Time":"2019-04-01T20:16:30","Situation":"flat","Type":"ask","Price":0.07150000,"Amount":534665.20000000,"Done":false},{"Time":"2019-04-01T20:16:30","Situation":"flat","Type":"ask","Price":0.07158000,"Amount":271142.30000000,"Done":false},{"Time":"2019-04-01T20:16:30","Situation":"flat","Type":"ask","Price":0.07164000,"Amount":357728.60000000,"Done":false},{"Time":"2019-04-01T20:16:30","Situation":"flat","Type":"ask","Price":0.07165000,"Amount":149593.80000000,"Done":false},{"Time":"2019-04-01T20:16:30","Situation":"flat","Type":"ask","Price":0.07170000,"Amount":176017.50000000,"Done":false},{"Time":"2019-04-01T20:16:30","Situation":"flat","Type":"ask","Price":0.07200000,"Amount":777808.20000000,"Done":false},{"Time":"2019-04-01T20:16:30","Situation":"flat","Type":"ask","Price":0.07215000,"Amount":150804.20000000,"Done":false},{"Time":"2019-04-01T20:16:30","Situation":"flat","Type":"ask","Price":0.07230000,"Amount":169095.00000000,"Done":false},{"Time":"2019-04-01T20:18:25","Situation":"trend","Type":"ask","Price":0.07165000,"Amount":149593.80000000,"Done":false},{"Time":"2019-04-01T20:18:25","Situation":"trend","Type":"ask","Price":0.07170000,"Amount":176017.50000000,"Done":false},{"Time":"2019-04-01T20:18:25","Situation":"trend","Type":"ask","Price":0.07200000,"Amount":777808.20000000,"Done":false},{"Time":"2019-04-01T20:18:25","Situation":"trend","Type":"ask","Price":0.07203000,"Amount":356866.00000000,"Done":false},{"Time":"2019-04-01T20:18:25","Situation":"trend","Type":"ask","Price":0.07230000,"Amount":169095.00000000,"Done":false},{"Time":"2019-04-01T20:18:25","Situation":"trend","Type":"ask","Price":0.07253000,"Amount":153687.40000000,"Done":false},{"Time":"2019-04-01T20:18:25","Situation":"trend","Type":"ask","Price":0.07260000,"Amount":782680.70000000,"Done":false},{"Time":"2019-04-01T20:18:25","Situation":"trend","Type":"ask","Price":0.07300000,"Amount":660441.80000000,"Done":false},{"Time":"2019-04-01T20:23:29","Situation":"flat","Type":"ask","Price":0.07165000,"Amount":149593.80000000,"Done":false},{"Time":"2019-04-01T20:23:29","Situation":"flat","Type":"ask","Price":0.07170000,"Amount":186530.80000000,"Done":false},{"Time":"2019-04-01T20:23:29","Situation":"flat","Type":"ask","Price":0.07200000,"Amount":771783.40000000,"Done":false},{"Time":"2019-04-01T20:23:29","Situation":"flat","Type":"ask","Price":0.07225000,"Amount":362236.10000000,"Done":false},{"Time":"2019-04-01T20:23:29","Situation":"flat","Type":"ask","Price":0.07230000,"Amount":169095.00000000,"Done":false},{"Time":"2019-04-01T20:23:29","Situation":"flat","Type":"ask","Price":0.07259000,"Amount":152614.60000000,"Done":false},{"Time":"2019-04-01T20:23:29","Situation":"flat","Type":"ask","Price":0.07260000,"Amount":782680.70000000,"Done":false},{"Time":"2019-04-01T20:28:32","Situation":"flat","Type":"ask","Price":0.07154000,"Amount":233217.10000000,"Done":false},{"Time":"2019-04-01T20:28:32","Situation":"flat","Type":"ask","Price":0.07165000,"Amount":149593.80000000,"Done":false},{"Time":"2019-04-01T20:28:32","Situation":"flat","Type":"ask","Price":0.07170000,"Amount":186530.80000000,"Done":false},{"Time":"2019-04-01T20:28:32","Situation":"flat","Type":"ask","Price":0.07200000,"Amount":768562.90000000,"Done":false},{"Time":"2019-04-01T20:28:32","Situation":"flat","Type":"ask","Price":0.07225000,"Amount":362236.10000000,"Done":false},{"Time":"2019-04-01T20:28:32","Situation":"flat","Type":"ask","Price":0.07230000,"Amount":169095.00000000,"Done":false},{"Time":"2019-04-01T20:28:32","Situation":"flat","Type":"ask","Price":0.07250000,"Amount":148329.60000000,"Done":false},{"Time":"2019-04-01T20:28:32","Situation":"flat","Type":"ask","Price":0.07256000,"Amount":150890.30000000,"Done":false},{"Time":"2019-04-01T20:28:32","Situation":"flat","Type":"ask","Price":0.07260000,"Amount":782680.70000000,"Done":false},{"Time":"2019-04-01T20:33:39","Situation":"flat","Type":"ask","Price":0.07165000,"Amount":152384.80000000,"Done":false},{"Time":"2019-04-01T20:33:39","Situation":"flat","Type":"ask","Price":0.07170000,"Amount":186530.80000000,"Done":false},{"Time":"2019-04-01T20:33:39","Situation":"flat","Type":"ask","Price":0.07200000,"Amount":771562.90000000,"Done":false},{"Time":"2019-04-01T20:33:39","Situation":"flat","Type":"ask","Price":0.07225000,"Amount":362236.10000000,"Done":false},{"Time":"2019-04-01T20:33:39","Situation":"flat","Type":"ask","Price":0.07230000,"Amount":169095.00000000,"Done":false},{"Time":"2019-04-01T20:33:39","Situation":"flat","Type":"ask","Price":0.07250000,"Amount":148329.60000000,"Done":false},{"Time":"2019-04-01T20:33:39","Situation":"flat","Type":"ask","Price":0.07252000,"Amount":150609.50000000,"Done":false},{"Time":"2019-04-01T20:33:39","Situation":"flat","Type":"ask","Price":0.07260000,"Amount":782680.70000000,"Done":false},{"Time":"2019-04-01T20:33:39","Situation":"flat","Type":"ask","Price":0.07300000,"Amount":539612.10000000,"Done":false},{"Time":"2019-04-01T20:38:44","Situation":"flat","Type":"ask","Price":0.07200000,"Amount":929612.40000000,"Done":false},{"Time":"2019-04-01T20:38:44","Situation":"flat","Type":"ask","Price":0.07225000,"Amount":336950.10000000,"Done":false},{"Time":"2019-04-01T20:38:44","Situation":"flat","Type":"ask","Price":0.07230000,"Amount":169095.00000000,"Done":false},{"Time":"2019-04-01T20:38:44","Situation":"flat","Type":"ask","Price":0.07250000,"Amount":148329.60000000,"Done":false},{"Time":"2019-04-01T20:38:44","Situation":"flat","Type":"ask","Price":0.07260000,"Amount":782680.70000000,"Done":false},{"Time":"2019-04-01T20:38:44","Situation":"flat","Type":"ask","Price":0.07276000,"Amount":150609.50000000,"Done":false},{"Time":"2019-04-01T20:38:44","Situation":"flat","Type":"ask","Price":0.07300000,"Amount":521417.30000000,"Done":false},{"Time":"2019-04-01T20:43:49","Situation":"flat","Type":"ask","Price":0.07200000,"Amount":814791.40000000,"Done":false},{"Time":"2019-04-01T20:43:49","Situation":"flat","Type":"ask","Price":0.07230000,"Amount":169095.00000000,"Done":false},{"Time":"2019-04-01T20:43:49","Situation":"flat","Type":"ask","Price":0.07248000,"Amount":353363.00000000,"Done":false},{"Time":"2019-04-01T20:43:49","Situation":"flat","Type":"ask","Price":0.07250000,"Amount":148329.60000000,"Done":false},{"Time":"2019-04-01T20:43:49","Situation":"flat","Type":"ask","Price":0.07260000,"Amount":782680.70000000,"Done":false},{"Time":"2019-04-01T20:43:49","Situation":"flat","Type":"ask","Price":0.07291000,"Amount":150809.50000000,"Done":false},{"Time":"2019-04-01T20:43:49","Situation":"flat","Type":"ask","Price":0.07300000,"Amount":541070.60000000,"Done":false},{"Time":"2019-04-01T20:50:15","Situation":"flat","Type":"ask","Price":0.07200000,"Amount":918790.30000000,"Done":false},{"Time":"2019-04-01T20:50:15","Situation":"flat","Type":"ask","Price":0.07230000,"Amount":169790.40000000,"Done":false},{"Time":"2019-04-01T20:50:15","Situation":"flat","Type":"ask","Price":0.07248000,"Amount":358116.00000000,"Done":false},{"Time":"2019-04-01T20:50:15","Situation":"flat","Type":"ask","Price":0.07250000,"Amount":396131.70000000,"Done":false},{"Time":"2019-04-01T20:50:15","Situation":"flat","Type":"ask","Price":0.07260000,"Amount":782680.70000000,"Done":false},{"Time":"2019-04-01T20:50:15","Situation":"flat","Type":"ask","Price":0.07287000,"Amount":152813.80000000,"Done":false},{"Time":"2019-04-01T20:50:15","Situation":"flat","Type":"ask","Price":0.07300000,"Amount":541070.60000000,"Done":false},{"Time":"2019-04-01T20:53:44","Situation":"trend","Type":"ask","Price":0.07200000,"Amount":918790.30000000,"Done":false},{"Time":"2019-04-01T20:53:44","Situation":"trend","Type":"ask","Price":0.07230000,"Amount":169095.00000000,"Done":false},{"Time":"2019-04-01T20:53:44","Situation":"trend","Type":"ask","Price":0.07248000,"Amount":359886.00000000,"Done":false},{"Time":"2019-04-01T20:53:44","Situation":"trend","Type":"ask","Price":0.07250000,"Amount":396131.70000000,"Done":false},{"Time":"2019-04-01T20:53:44","Situation":"trend","Type":"ask","Price":0.07260000,"Amount":822686.60000000,"Done":false},{"Time":"2019-04-01T20:53:44","Situation":"trend","Type":"ask","Price":0.07271000,"Amount":150609.50000000,"Done":false},{"Time":"2019-04-01T20:53:44","Situation":"trend","Type":"ask","Price":0.07300000,"Amount":541070.60000000,"Done":false},{"Time":"2019-04-01T20:58:44","Situation":"flat","Type":"ask","Price":0.07200000,"Amount":910384.00000000,"Done":false},{"Time":"2019-04-01T20:58:44","Situation":"flat","Type":"ask","Price":0.07227000,"Amount":390031.90000000,"Done":false},{"Time":"2019-04-01T20:58:44","Situation":"flat","Type":"ask","Price":0.07230000,"Amount":169095.00000000,"Done":false},{"Time":"2019-04-01T20:58:44","Situation":"flat","Type":"ask","Price":0.07250000,"Amount":396131.70000000,"Done":false},{"Time":"2019-04-01T20:58:44","Situation":"flat","Type":"ask","Price":0.07260000,"Amount":822686.60000000,"Done":false},{"Time":"2019-04-01T20:58:44","Situation":"flat","Type":"ask","Price":0.07280000,"Amount":152050.20000000,"Done":false},{"Time":"2019-04-01T20:58:44","Situation":"flat","Type":"ask","Price":0.07300000,"Amount":952029.50000000,"Done":false},{"Time":"2019-04-01T21:03:44","Situation":"flat","Type":"ask","Price":0.07200000,"Amount":913588.70000000,"Done":false},{"Time":"2019-04-01T21:03:44","Situation":"flat","Type":"ask","Price":0.07227000,"Amount":390031.90000000,"Done":false},{"Time":"2019-04-01T21:03:44","Situation":"flat","Type":"ask","Price":0.07230000,"Amount":169095.00000000,"Done":false},{"Time":"2019-04-01T21:03:44","Situation":"flat","Type":"ask","Price":0.07250000,"Amount":408288.60000000,"Done":false},{"Time":"2019-04-01T21:03:44","Situation":"flat","Type":"ask","Price":0.07260000,"Amount":822686.60000000,"Done":false},{"Time":"2019-04-01T21:03:44","Situation":"flat","Type":"ask","Price":0.07272000,"Amount":150609.50000000,"Done":false},{"Time":"2019-04-01T21:03:44","Situation":"flat","Type":"ask","Price":0.07300000,"Amount":952029.50000000,"Done":false},{"Time":"2019-04-01T21:08:44","Situation":"flat","Type":"ask","Price":0.07200000,"Amount":908556.80000000,"Done":false},{"Time":"2019-04-01T21:08:44","Situation":"flat","Type":"ask","Price":0.07227000,"Amount":390031.90000000,"Done":false},{"Time":"2019-04-01T21:08:44","Situation":"flat","Type":"ask","Price":0.07230000,"Amount":169095.00000000,"Done":false},{"Time":"2019-04-01T21:08:44","Situation":"flat","Type":"ask","Price":0.07250000,"Amount":408288.60000000,"Done":false},{"Time":"2019-04-01T21:08:44","Situation":"flat","Type":"ask","Price":0.07260000,"Amount":822686.60000000,"Done":false},{"Time":"2019-04-01T21:08:44","Situation":"flat","Type":"ask","Price":0.07270000,"Amount":159670.50000000,"Done":false},{"Time":"2019-04-01T21:08:44","Situation":"flat","Type":"ask","Price":0.07300000,"Amount":952029.50000000,"Done":false},{"Time":"2019-04-01T21:11:35","Situation":"trend","Type":"ask","Price":0.07230000,"Amount":169095.00000000,"Done":false},{"Time":"2019-04-01T21:11:35","Situation":"trend","Type":"ask","Price":0.07250000,"Amount":396431.70000000,"Done":false},{"Time":"2019-04-01T21:11:35","Situation":"trend","Type":"ask","Price":0.07258000,"Amount":359121.20000000,"Done":false},{"Time":"2019-04-01T21:11:35","Situation":"trend","Type":"ask","Price":0.07260000,"Amount":822686.60000000,"Done":false},{"Time":"2019-04-01T21:11:35","Situation":"trend","Type":"ask","Price":0.07277000,"Amount":152121.50000000,"Done":false},{"Time":"2019-04-01T21:11:35","Situation":"trend","Type":"ask","Price":0.07300000,"Amount":952029.50000000,"Done":false},{"Time":"2019-04-01T21:11:35","Situation":"trend","Type":"ask","Price":0.07350000,"Amount":241478.50000000,"Done":false},{"Time":"2019-04-01T21:11:35","Situation":"trend","Type":"ask","Price":0.07200000,"Amount":913588.70000000,"Done":true},{"Time":"2019-04-01T21:11:35","Situation":"trend","Type":"ask","Price":0.07227000,"Amount":390031.90000000,"Done":true},{"Time":"2019-04-01T21:11:35","Situation":"trend","Type":"ask","Price":0.07272000,"Amount":150609.50000000,"Done":true},{"Time":"2019-04-01T21:16:35","Situation":"flat","Type":"ask","Price":0.07250000,"Amount":401880.60000000,"Done":false},{"Time":"2019-04-01T21:16:35","Situation":"flat","Type":"ask","Price":0.07260000,"Amount":782680.70000000,"Done":false},{"Time":"2019-04-01T21:16:35","Situation":"flat","Type":"ask","Price":0.07281000,"Amount":357565.00000000,"Done":false},{"Time":"2019-04-01T21:16:35","Situation":"flat","Type":"ask","Price":0.07300000,"Amount":1036579.60000000,"Done":false},{"Time":"2019-04-01T21:16:35","Situation":"flat","Type":"ask","Price":0.07307000,"Amount":153159.50000000,"Done":false},{"Time":"2019-04-01T21:16:35","Situation":"flat","Type":"ask","Price":0.07350000,"Amount":241978.50000000,"Done":false},{"Time":"2019-04-01T21:21:39","Situation":"flat","Type":"ask","Price":0.07250000,"Amount":408113.60000000,"Done":false},{"Time":"2019-04-01T21:21:39","Situation":"flat","Type":"ask","Price":0.07260000,"Amount":782680.70000000,"Done":false},{"Time":"2019-04-01T21:21:39","Situation":"flat","Type":"ask","Price":0.07281000,"Amount":357565.00000000,"Done":false},{"Time":"2019-04-01T21:21:39","Situation":"flat","Type":"ask","Price":0.07300000,"Amount":1036579.60000000,"Done":false},{"Time":"2019-04-01T21:21:39","Situation":"flat","Type":"ask","Price":0.07322000,"Amount":150609.50000000,"Done":false},{"Time":"2019-04-01T21:21:39","Situation":"flat","Type":"ask","Price":0.07350000,"Amount":241978.50000000,"Done":false},{"Time":"2019-04-01T21:26:39","Situation":"trend","Type":"ask","Price":0.07250000,"Amount":411787.20000000,"Done":false},{"Time":"2019-04-01T21:26:39","Situation":"trend","Type":"ask","Price":0.07260000,"Amount":782680.70000000,"Done":false},{"Time":"2019-04-01T21:26:39","Situation":"trend","Type":"ask","Price":0.07300000,"Amount":1058153.10000000,"Done":false},{"Time":"2019-04-01T21:26:39","Situation":"trend","Type":"ask","Price":0.07311000,"Amount":284107.00000000,"Done":false},{"Time":"2019-04-01T21:26:39","Situation":"trend","Type":"ask","Price":0.07350000,"Amount":241978.50000000,"Done":false},{"Time":"2019-04-01T21:26:39","Situation":"trend","Type":"ask","Price":0.07351000,"Amount":150609.50000000,"Done":false},{"Time":"2019-04-01T21:26:39","Situation":"trend","Type":"ask","Price":0.07400000,"Amount":361706.90000000,"Done":false},{"Time":"2019-04-01T21:31:39","Situation":"flat","Type":"ask","Price":0.07260000,"Amount":753907.00000000,"Done":false},{"Time":"2019-04-01T21:31:39","Situation":"flat","Type":"ask","Price":0.07299000,"Amount":355422.90000000,"Done":false},{"Time":"2019-04-01T21:31:39","Situation":"flat","Type":"ask","Price":0.07300000,"Amount":960444.20000000,"Done":false},{"Time":"2019-04-01T21:31:39","Situation":"flat","Type":"ask","Price":0.07311000,"Amount":310680.00000000,"Done":false},{"Time":"2019-04-01T21:31:39","Situation":"flat","Type":"ask","Price":0.07350000,"Amount":241978.50000000,"Done":false},{"Time":"2019-04-01T21:31:39","Situation":"flat","Type":"ask","Price":0.07364000,"Amount":150609.50000000,"Done":false},{"Time":"2019-04-01T21:31:39","Situation":"flat","Type":"ask","Price":0.07400000,"Amount":361417.20000000,"Done":false},{"Time":"2019-04-01T21:36:39","Situation":"flat","Type":"ask","Price":0.07260000,"Amount":661617.70000000,"Done":false},{"Time":"2019-04-01T21:36:39","Situation":"flat","Type":"ask","Price":0.07299000,"Amount":355422.90000000,"Done":false},{"Time":"2019-04-01T21:36:39","Situation":"flat","Type":"ask","Price":0.07300000,"Amount":1057258.30000000,"Done":false},{"Time":"2019-04-01T21:36:39","Situation":"flat","Type":"ask","Price":0.07311000,"Amount":356866.00000000,"Done":false},{"Time":"2019-04-01T21:36:39","Situation":"flat","Type":"ask","Price":0.07341000,"Amount":150609.50000000,"Done":false},{"Time":"2019-04-01T21:36:39","Situation":"flat","Type":"ask","Price":0.07350000,"Amount":242268.20000000,"Done":false},{"Time":"2019-04-01T21:36:39","Situation":"flat","Type":"ask","Price":0.07400000,"Amount":359482.10000000,"Done":false},{"Time":"2019-04-01T21:41:39","Situation":"flat","Type":"ask","Price":0.07239000,"Amount":197669.40000000,"Done":false},{"Time":"2019-04-01T21:41:39","Situation":"flat","Type":"ask","Price":0.07250000,"Amount":165866.30000000,"Done":false},{"Time":"2019-04-01T21:41:39","Situation":"flat","Type":"ask","Price":0.07260000,"Amount":693637.20000000,"Done":false},{"Time":"2019-04-01T21:41:39","Situation":"flat","Type":"ask","Price":0.07299000,"Amount":208309.40000000,"Done":false},{"Time":"2019-04-01T21:41:39","Situation":"flat","Type":"ask","Price":0.07300000,"Amount":1052357.20000000,"Done":false},{"Time":"2019-04-01T21:41:39","Situation":"flat","Type":"ask","Price":0.07311000,"Amount":356866.00000000,"Done":false},{"Time":"2019-04-01T21:41:39","Situation":"flat","Type":"ask","Price":0.07343000,"Amount":151995.90000000,"Done":false},{"Time":"2019-04-01T21:41:39","Situation":"flat","Type":"ask","Price":0.07350000,"Amount":245036.30000000,"Done":false},{"Time":"2019-04-01T21:46:39","Situation":"flat","Type":"ask","Price":0.07240000,"Amount":241665.10000000,"Done":false},{"Time":"2019-04-01T21:46:39","Situation":"flat","Type":"ask","Price":0.07250000,"Amount":151296.20000000,"Done":false},{"Time":"2019-04-01T21:46:39","Situation":"flat","Type":"ask","Price":0.07260000,"Amount":693637.20000000,"Done":false},{"Time":"2019-04-01T21:46:39","Situation":"flat","Type":"ask","Price":0.07299000,"Amount":208309.40000000,"Done":false},{"Time":"2019-04-01T21:46:39","Situation":"flat","Type":"ask","Price":0.07300000,"Amount":955543.10000000,"Done":false},{"Time":"2019-04-01T21:46:39","Situation":"flat","Type":"ask","Price":0.07311000,"Amount":356866.00000000,"Done":false},{"Time":"2019-04-01T21:46:39","Situation":"flat","Type":"ask","Price":0.07350000,"Amount":395645.80000000,"Done":false},{"Time":"2019-04-01T21:51:40","Situation":"flat","Type":"ask","Price":0.07250000,"Amount":164169.20000000,"Done":false},{"Time":"2019-04-01T21:51:40","Situation":"flat","Type":"ask","Price":0.07260000,"Amount":856768.00000000,"Done":false},{"Time":"2019-04-01T21:51:40","Situation":"flat","Type":"ask","Price":0.07299000,"Amount":208309.40000000,"Done":false},{"Time":"2019-04-01T21:51:40","Situation":"flat","Type":"ask","Price":0.07300000,"Amount":942993.80000000,"Done":false},{"Time":"2019-04-01T21:51:40","Situation":"flat","Type":"ask","Price":0.07311000,"Amount":356866.00000000,"Done":false},{"Time":"2019-04-01T21:51:40","Situation":"flat","Type":"ask","Price":0.07350000,"Amount":245036.30000000,"Done":false},{"Time":"2019-04-01T21:51:40","Situation":"flat","Type":"ask","Price":0.07355000,"Amount":152488.60000000,"Done":false},{"Time":"2019-04-01T21:51:40","Situation":"flat","Type":"ask","Price":0.07400000,"Amount":420028.00000000,"Done":false},{"Time":"2019-04-01T21:56:40","Situation":"flat","Type":"ask","Price":0.07250000,"Amount":159167.10000000,"Done":false},{"Time":"2019-04-01T21:56:40","Situation":"flat","Type":"ask","Price":0.07260000,"Amount":856768.00000000,"Done":false},{"Time":"2019-04-01T21:56:40","Situation":"flat","Type":"ask","Price":0.07299000,"Amount":208309.40000000,"Done":false},{"Time":"2019-04-01T21:56:40","Situation":"flat","Type":"ask","Price":0.07300000,"Amount":942993.80000000,"Done":false},{"Time":"2019-04-01T21:56:40","Situation":"flat","Type":"ask","Price":0.07311000,"Amount":356866.00000000,"Done":false},{"Time":"2019-04-01T21:56:40","Situation":"flat","Type":"ask","Price":0.07348000,"Amount":153509.50000000,"Done":false},{"Time":"2019-04-01T21:56:40","Situation":"flat","Type":"ask","Price":0.07350000,"Amount":245036.30000000,"Done":false},{"Time":"2019-04-01T22:01:40","Situation":"flat","Type":"ask","Price":0.07230000,"Amount":160585.70000000,"Done":false},{"Time":"2019-04-01T22:01:40","Situation":"flat","Type":"ask","Price":0.07250000,"Amount":194853.10000000,"Done":false},{"Time":"2019-04-01T22:01:40","Situation":"flat","Type":"ask","Price":0.07260000,"Amount":856768.00000000,"Done":false},{"Time":"2019-04-01T22:01:40","Situation":"flat","Type":"ask","Price":0.07290000,"Amount":357648.20000000,"Done":false},{"Time":"2019-04-01T22:01:40","Situation":"flat","Type":"ask","Price":0.07300000,"Amount":942993.80000000,"Done":false},{"Time":"2019-04-01T22:01:40","Situation":"flat","Type":"ask","Price":0.07334000,"Amount":150747.50000000,"Done":false},{"Time":"2019-04-01T22:01:40","Situation":"flat","Type":"ask","Price":0.07350000,"Amount":245036.30000000,"Done":false},{"Time":"2019-04-01T22:05:05","Situation":"trend","Type":"ask","Price":0.07230000,"Amount":159355.30000000,"Done":false},{"Time":"2019-04-01T22:05:05","Situation":"trend","Type":"ask","Price":0.07250000,"Amount":147113.50000000,"Done":false},{"Time":"2019-04-01T22:05:05","Situation":"trend","Type":"ask","Price":0.07260000,"Amount":856768.00000000,"Done":false},{"Time":"2019-04-01T22:05:05","Situation":"trend","Type":"ask","Price":0.07269000,"Amount":357117.20000000,"Done":false},{"Time":"2019-04-01T22:05:05","Situation":"trend","Type":"ask","Price":0.07300000,"Amount":942993.80000000,"Done":false},{"Time":"2019-04-01T22:05:05","Situation":"trend","Type":"ask","Price":0.07315000,"Amount":172362.30000000,"Done":false},{"Time":"2019-04-01T22:05:05","Situation":"trend","Type":"ask","Price":0.07350000,"Amount":245036.30000000,"Done":false},{"Time":"2019-04-01T22:05:05","Situation":"trend","Type":"ask","Price":0.07299000,"Amount":208309.40000000,"Done":true},{"Time":"2019-04-01T22:05:05","Situation":"trend","Type":"ask","Price":0.07311000,"Amount":356866.00000000,"Done":true},{"Time":"2019-04-01T22:05:05","Situation":"trend","Type":"ask","Price":0.07348000,"Amount":153509.50000000,"Done":true},{"Time":"2019-04-01T22:10:05","Situation":"flat","Type":"ask","Price":0.07230000,"Amount":159355.30000000,"Done":false},{"Time":"2019-04-01T22:10:05","Situation":"flat","Type":"ask","Price":0.07250000,"Amount":147113.50000000,"Done":false},{"Time":"2019-04-01T22:10:05","Situation":"flat","Type":"ask","Price":0.07260000,"Amount":703223.90000000,"Done":false},{"Time":"2019-04-01T22:10:05","Situation":"flat","Type":"ask","Price":0.07269000,"Amount":357117.20000000,"Done":false},{"Time":"2019-04-01T22:10:05","Situation":"flat","Type":"ask","Price":0.07300000,"Amount":942993.80000000,"Done":false},{"Time":"2019-04-01T22:10:05","Situation":"flat","Type":"ask","Price":0.07327000,"Amount":162638.80000000,"Done":false},{"Time":"2019-04-01T22:10:05","Situation":"flat","Type":"ask","Price":0.07350000,"Amount":247491.30000000,"Done":false},{"Time":"2019-04-01T22:15:08","Situation":"flat","Type":"ask","Price":0.07230000,"Amount":162355.30000000,"Done":false},{"Time":"2019-04-01T22:15:08","Situation":"flat","Type":"ask","Price":0.07250000,"Amount":147113.50000000,"Done":false},{"Time":"2019-04-01T22:15:08","Situation":"flat","Type":"ask","Price":0.07260000,"Amount":703223.90000000,"Done":false},{"Time":"2019-04-01T22:15:08","Situation":"flat","Type":"ask","Price":0.07269000,"Amount":359678.20000000,"Done":false},{"Time":"2019-04-01T22:15:08","Situation":"flat","Type":"ask","Price":0.07300000,"Amount":942993.80000000,"Done":false},{"Time":"2019-04-01T22:15:08","Situation":"flat","Type":"ask","Price":0.07323000,"Amount":150609.50000000,"Done":false},{"Time":"2019-04-01T22:15:08","Situation":"flat","Type":"ask","Price":0.07350000,"Amount":247491.30000000,"Done":false},{"Time":"2019-04-01T22:20:09","Situation":"flat","Type":"ask","Price":0.07210000,"Amount":152113.50000000,"Done":false},{"Time":"2019-04-01T22:20:09","Situation":"flat","Type":"ask","Price":0.07230000,"Amount":212355.30000000,"Done":false},{"Time":"2019-04-01T22:20:09","Situation":"flat","Type":"ask","Price":0.07260000,"Amount":753223.90000000,"Done":false},{"Time":"2019-04-01T22:20:09","Situation":"flat","Type":"ask","Price":0.07269000,"Amount":357117.20000000,"Done":false},{"Time":"2019-04-01T22:20:09","Situation":"flat","Type":"ask","Price":0.07300000,"Amount":992993.80000000,"Done":false},{"Time":"2019-04-01T22:20:09","Situation":"flat","Type":"ask","Price":0.07319000,"Amount":150609.50000000,"Done":false},{"Time":"2019-04-01T22:20:09","Situation":"flat","Type":"ask","Price":0.07350000,"Amount":247491.30000000,"Done":false},{"Time":"2019-04-01T22:25:10","Situation":"flat","Type":"ask","Price":0.07210000,"Amount":147113.50000000,"Done":false},{"Time":"2019-04-01T22:25:10","Situation":"flat","Type":"ask","Price":0.07230000,"Amount":212355.30000000,"Done":false},{"Time":"2019-04-01T22:25:10","Situation":"flat","Type":"ask","Price":0.07260000,"Amount":776696.50000000,"Done":false},{"Time":"2019-04-01T22:25:10","Situation":"flat","Type":"ask","Price":0.07269000,"Amount":357117.20000000,"Done":false},{"Time":"2019-04-01T22:25:10","Situation":"flat","Type":"ask","Price":0.07300000,"Amount":992993.80000000,"Done":false},{"Time":"2019-04-01T22:25:10","Situation":"flat","Type":"ask","Price":0.07303000,"Amount":1000000.00000000,"Done":false},{"Time":"2019-04-01T22:25:10","Situation":"flat","Type":"ask","Price":0.07309000,"Amount":150609.50000000,"Done":false},{"Time":"2019-04-01T22:25:10","Situation":"flat","Type":"ask","Price":0.07350000,"Amount":247491.30000000,"Done":false},{"Time":"2019-04-01T22:30:14","Situation":"flat","Type":"ask","Price":0.07230000,"Amount":212355.30000000,"Done":false},{"Time":"2019-04-01T22:30:14","Situation":"flat","Type":"ask","Price":0.07260000,"Amount":776696.50000000,"Done":false},{"Time":"2019-04-01T22:30:14","Situation":"flat","Type":"ask","Price":0.07269000,"Amount":357117.20000000,"Done":false},{"Time":"2019-04-01T22:30:14","Situation":"flat","Type":"ask","Price":0.07300000,"Amount":992993.80000000,"Done":false},{"Time":"2019-04-01T22:30:14","Situation":"flat","Type":"ask","Price":0.07303000,"Amount":1000000.00000000,"Done":false},{"Time":"2019-04-01T22:30:14","Situation":"flat","Type":"ask","Price":0.07319000,"Amount":150609.50000000,"Done":false},{"Time":"2019-04-01T22:30:14","Situation":"flat","Type":"ask","Price":0.07350000,"Amount":247491.30000000,"Done":false},{"Time":"2019-04-01T22:35:16","Situation":"flat","Type":"ask","Price":0.07260000,"Amount":776696.50000000,"Done":false},{"Time":"2019-04-01T22:35:16","Situation":"flat","Type":"ask","Price":0.07269000,"Amount":357117.20000000,"Done":false},{"Time":"2019-04-01T22:35:16","Situation":"flat","Type":"ask","Price":0.07299000,"Amount":256852.00000000,"Done":false},{"Time":"2019-04-01T22:35:16","Situation":"flat","Type":"ask","Price":0.07300000,"Amount":992993.80000000,"Done":false},{"Time":"2019-04-01T22:35:16","Situation":"flat","Type":"ask","Price":0.07303000,"Amount":1000000.00000000,"Done":false},{"Time":"2019-04-01T22:35:16","Situation":"flat","Type":"ask","Price":0.07313000,"Amount":158722.00000000,"Done":false},{"Time":"2019-04-01T22:40:19","Situation":"flat","Type":"ask","Price":0.07260000,"Amount":778595.30000000,"Done":false},{"Time":"2019-04-01T22:40:19","Situation":"flat","Type":"ask","Price":0.07279000,"Amount":357216.20000000,"Done":false},{"Time":"2019-04-01T22:40:19","Situation":"flat","Type":"ask","Price":0.07299000,"Amount":256852.00000000,"Done":false},{"Time":"2019-04-01T22:40:19","Situation":"flat","Type":"ask","Price":0.07300000,"Amount":992993.80000000,"Done":false},{"Time":"2019-04-01T22:40:19","Situation":"flat","Type":"ask","Price":0.07303000,"Amount":1000000.00000000,"Done":false},{"Time":"2019-04-01T22:40:19","Situation":"flat","Type":"ask","Price":0.07324000,"Amount":152953.10000000,"Done":false},{"Time":"2019-04-01T22:45:19","Situation":"flat","Type":"ask","Price":0.07260000,"Amount":804075.30000000,"Done":false},{"Time":"2019-04-01T22:45:19","Situation":"flat","Type":"ask","Price":0.07279000,"Amount":357216.20000000,"Done":false},{"Time":"2019-04-01T22:45:19","Situation":"flat","Type":"ask","Price":0.07299000,"Amount":249068.40000000,"Done":false},{"Time":"2019-04-01T22:45:19","Situation":"flat","Type":"ask","Price":0.07300000,"Amount":992993.80000000,"Done":false},{"Time":"2019-04-01T22:45:19","Situation":"flat","Type":"ask","Price":0.07303000,"Amount":1000000.00000000,"Done":false},{"Time":"2019-04-01T22:45:19","Situation":"flat","Type":"ask","Price":0.07327000,"Amount":162638.80000000,"Done":false},{"Time":"2019-04-01T22:50:19","Situation":"flat","Type":"ask","Price":0.07230000,"Amount":441751.20000000,"Done":false},{"Time":"2019-04-01T22:50:19","Situation":"flat","Type":"ask","Price":0.07260000,"Amount":776297.10000000,"Done":false},{"Time":"2019-04-01T22:50:19","Situation":"flat","Type":"ask","Price":0.07279000,"Amount":357216.20000000,"Done":false},{"Time":"2019-04-01T22:50:19","Situation":"flat","Type":"ask","Price":0.07299000,"Amount":249068.40000000,"Done":false},{"Time":"2019-04-01T22:50:19","Situation":"flat","Type":"ask","Price":0.07300000,"Amount":582927.70000000,"Done":false},{"Time":"2019-04-01T22:50:19","Situation":"flat","Type":"ask","Price":0.07303000,"Amount":1000000.00000000,"Done":false},{"Time":"2019-04-01T22:50:19","Situation":"flat","Type":"ask","Price":0.07333000,"Amount":183676.60000000,"Done":false},{"Time":"2019-04-01T22:55:19","Situation":"flat","Type":"ask","Price":0.07260000,"Amount":776297.10000000,"Done":false},{"Time":"2019-04-01T22:55:19","Situation":"flat","Type":"ask","Price":0.07299000,"Amount":249068.40000000,"Done":false},{"Time":"2019-04-01T22:55:19","Situation":"flat","Type":"ask","Price":0.07300000,"Amount":582927.70000000,"Done":false},{"Time":"2019-04-01T22:55:19","Situation":"flat","Type":"ask","Price":0.07302000,"Amount":356866.00000000,"Done":false},{"Time":"2019-04-01T22:55:19","Situation":"flat","Type":"ask","Price":0.07303000,"Amount":1000000.00000000,"Done":false},{"Time":"2019-04-01T22:55:19","Situation":"flat","Type":"ask","Price":0.07345000,"Amount":150609.50000000,"Done":false},{"Time":"2019-04-01T23:00:19","Situation":"flat","Type":"ask","Price":0.07226000,"Amount":133968.30000000,"Done":false},{"Time":"2019-04-01T23:00:19","Situation":"flat","Type":"ask","Price":0.07299000,"Amount":249068.40000000,"Done":false},{"Time":"2019-04-01T23:00:19","Situation":"flat","Type":"ask","Price":0.07300000,"Amount":585124.50000000,"Done":false},{"Time":"2019-04-01T23:00:19","Situation":"flat","Type":"ask","Price":0.07302000,"Amount":356866.00000000,"Done":false},{"Time":"2019-04-01T23:00:19","Situation":"flat","Type":"ask","Price":0.07303000,"Amount":1000000.00000000,"Done":false},{"Time":"2019-04-01T23:00:19","Situation":"flat","Type":"ask","Price":0.07333000,"Amount":183676.60000000,"Done":false},{"Time":"2019-04-01T23:04:34","Situation":"trend","Type":"ask","Price":0.07299000,"Amount":249068.40000000,"Done":false},{"Time":"2019-04-01T23:04:34","Situation":"trend","Type":"ask","Price":0.07300000,"Amount":597259.60000000,"Done":false},{"Time":"2019-04-01T23:04:34","Situation":"trend","Type":"ask","Price":0.07302000,"Amount":356866.00000000,"Done":false},{"Time":"2019-04-01T23:04:34","Situation":"trend","Type":"ask","Price":0.07303000,"Amount":1000000.00000000,"Done":false},{"Time":"2019-04-01T23:04:34","Situation":"trend","Type":"ask","Price":0.07355000,"Amount":152488.60000000,"Done":false},{"Time":"2019-04-01T23:04:34","Situation":"trend","Type":"ask","Price":0.07387000,"Amount":1000000.00000000,"Done":false},{"Time":"2019-04-01T23:04:34","Situation":"trend","Type":"ask","Price":0.07400000,"Amount":356196.20000000,"Done":false},{"Time":"2019-04-01T23:04:34","Situation":"trend","Type":"ask","Price":0.07260000,"Amount":776297.10000000,"Done":true},{"Time":"2019-04-01T23:04:34","Situation":"trend","Type":"ask","Price":0.07345000,"Amount":150609.50000000,"Done":true},{"Time":"2019-04-01T23:09:34","Situation":"flat","Type":"ask","Price":0.07299000,"Amount":249068.40000000,"Done":false},{"Time":"2019-04-01T23:09:34","Situation":"flat","Type":"ask","Price":0.07300000,"Amount":591467.20000000,"Done":false},{"Time":"2019-04-01T23:09:34","Situation":"flat","Type":"ask","Price":0.07302000,"Amount":356866.00000000,"Done":false},{"Time":"2019-04-01T23:09:34","Situation":"flat","Type":"ask","Price":0.07303000,"Amount":1000000.00000000,"Done":false},{"Time":"2019-04-01T23:09:34","Situation":"flat","Type":"ask","Price":0.07355000,"Amount":152488.60000000,"Done":false},{"Time":"2019-04-01T23:09:34","Situation":"flat","Type":"ask","Price":0.07387000,"Amount":1000000.00000000,"Done":false},{"Time":"2019-04-01T23:09:34","Situation":"flat","Type":"ask","Price":0.07400000,"Amount":352964.70000000,"Done":false},{"Time":"2019-04-01T23:14:34","Situation":"flat","Type":"ask","Price":0.07299000,"Amount":249068.40000000,"Done":false},{"Time":"2019-04-01T23:14:34","Situation":"flat","Type":"ask","Price":0.07300000,"Amount":591467.20000000,"Done":false},{"Time":"2019-04-01T23:14:34","Situation":"flat","Type":"ask","Price":0.07302000,"Amount":357556.60000000,"Done":false},{"Time":"2019-04-01T23:14:34","Situation":"flat","Type":"ask","Price":0.07303000,"Amount":1000000.00000000,"Done":false},{"Time":"2019-04-01T23:14:34","Situation":"flat","Type":"ask","Price":0.07359000,"Amount":150609.50000000,"Done":false},{"Time":"2019-04-01T23:14:34","Situation":"flat","Type":"ask","Price":0.07387000,"Amount":1000000.00000000,"Done":false},{"Time":"2019-04-01T23:19:34","Situation":"flat","Type":"ask","Price":0.07250000,"Amount":147113.60000000,"Done":false},{"Time":"2019-04-01T23:19:34","Situation":"flat","Type":"ask","Price":0.07300000,"Amount":591467.20000000,"Done":false},{"Time":"2019-04-01T23:19:34","Situation":"flat","Type":"ask","Price":0.07302000,"Amount":360117.60000000,"Done":false},{"Time":"2019-04-01T23:19:34","Situation":"flat","Type":"ask","Price":0.07303000,"Amount":1000000.00000000,"Done":false},{"Time":"2019-04-01T23:19:34","Situation":"flat","Type":"ask","Price":0.07352000,"Amount":150609.50000000,"Done":false},{"Time":"2019-04-01T23:19:34","Situation":"flat","Type":"ask","Price":0.07387000,"Amount":1000000.00000000,"Done":false},{"Time":"2019-04-01T23:19:34","Situation":"flat","Type":"ask","Price":0.07400000,"Amount":352735.30000000,"Done":false},{"Time":"2019-04-01T23:24:36","Situation":"flat","Type":"ask","Price":0.07300000,"Amount":591467.20000000,"Done":false},{"Time":"2019-04-01T23:24:36","Situation":"flat","Type":"ask","Price":0.07302000,"Amount":356866.00000000,"Done":false},{"Time":"2019-04-01T23:24:36","Situation":"flat","Type":"ask","Price":0.07303000,"Amount":1000000.00000000,"Done":false},{"Time":"2019-04-01T23:24:36","Situation":"flat","Type":"ask","Price":0.07364000,"Amount":150609.50000000,"Done":false},{"Time":"2019-04-01T23:24:36","Situation":"flat","Type":"ask","Price":0.07387000,"Amount":1000000.00000000,"Done":false},{"Time":"2019-04-01T23:24:36","Situation":"flat","Type":"ask","Price":0.07400000,"Amount":352735.30000000,"Done":false},{"Time":"2019-04-01T23:29:40","Situation":"flat","Type":"ask","Price":0.07300000,"Amount":598977.00000000,"Done":false},{"Time":"2019-04-01T23:29:40","Situation":"flat","Type":"ask","Price":0.07326000,"Amount":357363.50000000,"Done":false},{"Time":"2019-04-01T23:29:40","Situation":"flat","Type":"ask","Price":0.07369000,"Amount":155609.50000000,"Done":false},{"Time":"2019-04-01T23:29:40","Situation":"flat","Type":"ask","Price":0.07400000,"Amount":362441.90000000,"Done":false},{"Time":"2019-04-01T23:34:40","Situation":"flat","Type":"ask","Price":0.07300000,"Amount":565576.80000000,"Done":false},{"Time":"2019-04-01T23:34:40","Situation":"flat","Type":"ask","Price":0.07326000,"Amount":357363.50000000,"Done":false},{"Time":"2019-04-01T23:34:40","Situation":"flat","Type":"ask","Price":0.07366000,"Amount":153750.70000000,"Done":false},{"Time":"2019-04-01T23:34:40","Situation":"flat","Type":"ask","Price":0.07400000,"Amount":362441.90000000,"Done":false},{"Time":"2019-04-01T23:38:45","Situation":"trend","Type":"ask","Price":0.07300000,"Amount":474256.40000000,"Done":false},{"Time":"2019-04-01T23:38:45","Situation":"trend","Type":"ask","Price":0.07304000,"Amount":356866.00000000,"Done":false},{"Time":"2019-04-01T23:38:45","Situation":"trend","Type":"ask","Price":0.07345000,"Amount":150609.50000000,"Done":false},{"Time":"2019-04-01T23:38:45","Situation":"trend","Type":"ask","Price":0.07326000,"Amount":357363.50000000,"Done":true},{"Time":"2019-04-01T23:38:45","Situation":"trend","Type":"ask","Price":0.07369000,"Amount":155609.50000000,"Done":true},{"Time":"2019-04-01T23:38:45","Situation":"trend","Type":"ask","Price":0.07400000,"Amount":362441.90000000,"Done":true},{"Time":"2019-04-01T23:43:49","Situation":"flat","Type":"ask","Price":0.07283000,"Amount":357005.20000000,"Done":false},{"Time":"2019-04-01T23:43:49","Situation":"flat","Type":"ask","Price":0.07300000,"Amount":474256.40000000,"Done":false},{"Time":"2019-04-01T23:43:49","Situation":"flat","Type":"ask","Price":0.07335000,"Amount":151912.00000000,"Done":false},{"Time":"2019-04-01T23:43:49","Situation":"flat","Type":"ask","Price":0.07400000,"Amount":362441.90000000,"Done":false},{"Time":"2019-04-01T23:46:19","Situation":"trend","Type":"ask","Price":0.07283000,"Amount":356866.00000000,"Done":false},{"Time":"2019-04-01T23:46:19","Situation":"trend","Type":"ask","Price":0.07300000,"Amount":473756.40000000,"Done":false},{"Time":"2019-04-01T23:46:19","Situation":"trend","Type":"ask","Price":0.07329000,"Amount":155109.50000000,"Done":false},{"Time":"2019-04-01T23:51:19","Situation":"flat","Type":"ask","Price":0.07283000,"Amount":356866.00000000,"Done":false},{"Time":"2019-04-01T23:51:19","Situation":"flat","Type":"ask","Price":0.07300000,"Amount":473756.40000000,"Done":false},{"Time":"2019-04-01T23:51:19","Situation":"flat","Type":"ask","Price":0.07336000,"Amount":150609.50000000,"Done":false},{"Time":"2019-04-01T23:56:19","Situation":"flat","Type":"ask","Price":0.07283000,"Amount":356866.00000000,"Done":false},{"Time":"2019-04-01T23:56:19","Situation":"flat","Type":"ask","Price":0.07300000,"Amount":473756.40000000,"Done":false},{"Time":"2019-04-01T23:56:19","Situation":"flat","Type":"ask","Price":0.07328000,"Amount":151409.50000000,"Done":false},{"Time":"2019-04-02T00:01:19","Situation":"flat","Type":"ask","Price":0.07283000,"Amount":356866.00000000,"Done":false},{"Time":"2019-04-02T00:01:19","Situation":"flat","Type":"ask","Price":0.07300000,"Amount":594831.20000000,"Done":false},{"Time":"2019-04-02T00:01:19","Situation":"flat","Type":"ask","Price":0.07325000,"Amount":191245.00000000,"Done":false},{"Time":"2019-04-02T00:06:20","Situation":"flat","Type":"ask","Price":0.07283000,"Amount":356866.00000000,"Done":false},{"Time":"2019-04-02T00:06:20","Situation":"flat","Type":"ask","Price":0.07300000,"Amount":594831.20000000,"Done":false},{"Time":"2019-04-02T00:06:20","Situation":"flat","Type":"ask","Price":0.07321000,"Amount":151532.70000000,"Done":false},{"Time":"2019-04-02T00:11:20","Situation":"flat","Type":"ask","Price":0.07262000,"Amount":368238.90000000,"Done":false},{"Time":"2019-04-02T00:11:20","Situation":"flat","Type":"ask","Price":0.07300000,"Amount":596528.00000000,"Done":false},{"Time":"2019-04-02T00:11:20","Situation":"flat","Type":"ask","Price":0.07319000,"Amount":150609.50000000,"Done":false},{"Time":"2019-04-02T00:16:20","Situation":"flat","Type":"ask","Price":0.07262000,"Amount":368238.90000000,"Done":false},{"Time":"2019-04-02T00:16:20","Situation":"flat","Type":"ask","Price":0.07300000,"Amount":579130.70000000,"Done":false},{"Time":"2019-04-02T00:16:20","Situation":"flat","Type":"ask","Price":0.07337000,"Amount":150809.50000000,"Done":false},{"Time":"2019-04-02T00:21:23","Situation":"flat","Type":"ask","Price":0.07262000,"Amount":368238.90000000,"Done":false},{"Time":"2019-04-02T00:21:23","Situation":"flat","Type":"ask","Price":0.07268000,"Amount":204196.80000000,"Done":false},{"Time":"2019-04-02T00:21:23","Situation":"flat","Type":"ask","Price":0.07275000,"Amount":212766.70000000,"Done":false},{"Time":"2019-04-02T00:21:23","Situation":"flat","Type":"ask","Price":0.07285000,"Amount":201431.10000000,"Done":false},{"Time":"2019-04-02T00:21:23","Situation":"flat","Type":"ask","Price":0.07300000,"Amount":579130.70000000,"Done":false},{"Time":"2019-04-02T00:21:23","Situation":"flat","Type":"ask","Price":0.07307000,"Amount":153159.50000000,"Done":false},{"Time":"2019-04-02T00:26:24","Situation":"flat","Type":"ask","Price":0.07262000,"Amount":368238.90000000,"Done":false},{"Time":"2019-04-02T00:26:24","Situation":"flat","Type":"ask","Price":0.07268000,"Amount":204196.80000000,"Done":false},{"Time":"2019-04-02T00:26:24","Situation":"flat","Type":"ask","Price":0.07275000,"Amount":212766.70000000,"Done":false},{"Time":"2019-04-02T00:26:24","Situation":"flat","Type":"ask","Price":0.07285000,"Amount":201431.10000000,"Done":false},{"Time":"2019-04-02T00:26:24","Situation":"flat","Type":"ask","Price":0.07300000,"Amount":572130.70000000,"Done":false},{"Time":"2019-04-02T00:26:24","Situation":"flat","Type":"ask","Price":0.07314000,"Amount":150815.40000000,"Done":false},{"Time":"2019-04-02T00:31:24","Situation":"flat","Type":"ask","Price":0.07262000,"Amount":368238.90000000,"Done":false},{"Time":"2019-04-02T00:31:24","Situation":"flat","Type":"ask","Price":0.07268000,"Amount":204196.80000000,"Done":false},{"Time":"2019-04-02T00:31:24","Situation":"flat","Type":"ask","Price":0.07275000,"Amount":512766.70000000,"Done":false},{"Time":"2019-04-02T00:31:24","Situation":"flat","Type":"ask","Price":0.07281000,"Amount":500699.00000000,"Done":false},{"Time":"2019-04-02T00:31:24","Situation":"flat","Type":"ask","Price":0.07285000,"Amount":501431.10000000,"Done":false},{"Time":"2019-04-02T00:31:24","Situation":"flat","Type":"ask","Price":0.07300000,"Amount":572130.70000000,"Done":false},{"Time":"2019-04-02T00:31:24","Situation":"flat","Type":"ask","Price":0.07313000,"Amount":158722.00000000,"Done":false},{"Time":"2019-04-02T00:36:24","Situation":"flat","Type":"ask","Price":0.07240000,"Amount":356866.00000000,"Done":false},{"Time":"2019-04-02T00:36:24","Situation":"flat","Type":"ask","Price":0.07268000,"Amount":204196.80000000,"Done":false},{"Time":"2019-04-02T00:36:24","Situation":"flat","Type":"ask","Price":0.07275000,"Amount":512766.70000000,"Done":false},{"Time":"2019-04-02T00:36:24","Situation":"flat","Type":"ask","Price":0.07281000,"Amount":500699.00000000,"Done":false},{"Time":"2019-04-02T00:36:24","Situation":"flat","Type":"ask","Price":0.07285000,"Amount":501431.10000000,"Done":false},{"Time":"2019-04-02T00:36:24","Situation":"flat","Type":"ask","Price":0.07300000,"Amount":602113.50000000,"Done":false},{"Time":"2019-04-02T00:36:24","Situation":"flat","Type":"ask","Price":0.07313000,"Amount":158722.00000000,"Done":false},{"Time":"2019-04-02T00:41:25","Situation":"flat","Type":"ask","Price":0.07263000,"Amount":356866.00000000,"Done":false},{"Time":"2019-04-02T00:41:25","Situation":"flat","Type":"ask","Price":0.07268000,"Amount":204196.80000000,"Done":false},{"Time":"2019-04-02T00:41:25","Situation":"flat","Type":"ask","Price":0.07275000,"Amount":512766.70000000,"Done":false},{"Time":"2019-04-02T00:41:25","Situation":"flat","Type":"ask","Price":0.07281000,"Amount":500699.00000000,"Done":false},{"Time":"2019-04-02T00:41:25","Situation":"flat","Type":"ask","Price":0.07285000,"Amount":501431.10000000,"Done":false},{"Time":"2019-04-02T00:41:25","Situation":"flat","Type":"ask","Price":0.07300000,"Amount":602113.50000000,"Done":false},{"Time":"2019-04-02T00:41:25","Situation":"flat","Type":"ask","Price":0.07310000,"Amount":213771.50000000,"Done":false},{"Time":"2019-04-02T00:44:36","Situation":"trend","Type":"ask","Price":0.07181000,"Amount":158487.80000000,"Done":false},{"Time":"2019-04-02T00:44:36","Situation":"trend","Type":"ask","Price":0.07190000,"Amount":297837.40000000,"Done":false},{"Time":"2019-04-02T00:44:36","Situation":"trend","Type":"ask","Price":0.07198000,"Amount":282599.00000000,"Done":false},{"Time":"2019-04-02T00:44:36","Situation":"trend","Type":"ask","Price":0.07200000,"Amount":825393.40000000,"Done":false},{"Time":"2019-04-02T00:44:36","Situation":"trend","Type":"ask","Price":0.07240000,"Amount":356866.00000000,"Done":false},{"Time":"2019-04-02T00:44:36","Situation":"trend","Type":"ask","Price":0.07268000,"Amount":204196.80000000,"Done":false},{"Time":"2019-04-02T00:44:36","Situation":"trend","Type":"ask","Price":0.07275000,"Amount":512766.70000000,"Done":false},{"Time":"2019-04-02T00:44:36","Situation":"trend","Type":"ask","Price":0.07281000,"Amount":500699.00000000,"Done":false},{"Time":"2019-04-02T00:44:36","Situation":"trend","Type":"ask","Price":0.07285000,"Amount":501431.10000000,"Done":false},{"Time":"2019-04-02T00:44:36","Situation":"trend","Type":"ask","Price":0.07300000,"Amount":602113.50000000,"Done":false},{"Time":"2019-04-02T00:44:36","Situation":"trend","Type":"ask","Price":0.07307000,"Amount":153159.50000000,"Done":false},{"Time":"2019-04-02T00:48:39","Situation":"trend","Type":"ask","Price":0.07190000,"Amount":220762.00000000,"Done":false},{"Time":"2019-04-02T00:48:39","Situation":"trend","Type":"ask","Price":0.07198000,"Amount":634872.60000000,"Done":false},{"Time":"2019-04-02T00:48:39","Situation":"trend","Type":"ask","Price":0.07200000,"Amount":821079.10000000,"Done":false},{"Time":"2019-04-02T00:48:39","Situation":"trend","Type":"ask","Price":0.07266000,"Amount":153159.50000000,"Done":false},{"Time":"2019-04-02T00:48:39","Situation":"trend","Type":"ask","Price":0.07300000,"Amount":600416.70000000,"Done":false},{"Time":"2019-04-02T00:48:39","Situation":"trend","Type":"ask","Price":0.07263000,"Amount":356866.00000000,"Done":true},{"Time":"2019-04-02T00:48:39","Situation":"trend","Type":"ask","Price":0.07268000,"Amount":204196.80000000,"Done":true},{"Time":"2019-04-02T00:48:39","Situation":"trend","Type":"ask","Price":0.07275000,"Amount":512766.70000000,"Done":true},{"Time":"2019-04-02T00:48:39","Situation":"trend","Type":"ask","Price":0.07281000,"Amount":500699.00000000,"Done":true},{"Time":"2019-04-02T00:48:39","Situation":"trend","Type":"ask","Price":0.07285000,"Amount":501431.10000000,"Done":true},{"Time":"2019-04-02T00:48:39","Situation":"trend","Type":"ask","Price":0.07310000,"Amount":213771.50000000,"Done":true},{"Time":"2019-04-02T00:49:59","Situation":"trend","Type":"ask","Price":0.07190000,"Amount":223762.00000000,"Done":false},{"Time":"2019-04-02T00:49:59","Situation":"trend","Type":"ask","Price":0.07198000,"Amount":278006.60000000,"Done":false},{"Time":"2019-04-02T00:49:59","Situation":"trend","Type":"ask","Price":0.07200000,"Amount":499744.60000000,"Done":false},{"Time":"2019-04-02T00:49:59","Situation":"trend","Type":"ask","Price":0.07222000,"Amount":357107.30000000,"Done":false},{"Time":"2019-04-02T00:49:59","Situation":"trend","Type":"ask","Price":0.07258000,"Amount":151472.10000000,"Done":false},{"Time":"2019-04-02T00:49:59","Situation":"trend","Type":"ask","Price":0.07300000,"Amount":600416.70000000,"Done":false},{"Time":"2019-04-02T00:54:54","Situation":"trend","Type":"ask","Price":0.07198000,"Amount":278006.60000000,"Done":false},{"Time":"2019-04-02T00:54:54","Situation":"trend","Type":"ask","Price":0.07227000,"Amount":356866.00000000,"Done":false},{"Time":"2019-04-02T00:54:54","Situation":"trend","Type":"ask","Price":0.07281000,"Amount":151308.50000000,"Done":false},{"Time":"2019-04-02T00:54:54","Situation":"trend","Type":"ask","Price":0.07300000,"Amount":600416.70000000,"Done":false},{"Time":"2019-04-02T00:59:58","Situation":"flat","Type":"ask","Price":0.07198000,"Amount":278006.60000000,"Done":false},{"Time":"2019-04-02T00:59:58","Situation":"flat","Type":"ask","Price":0.07230000,"Amount":363927.50000000,"Done":false},{"Time":"2019-04-02T00:59:58","Situation":"flat","Type":"ask","Price":0.07266000,"Amount":153159.50000000,"Done":false},{"Time":"2019-04-02T00:59:58","Situation":"flat","Type":"ask","Price":0.07300000,"Amount":599523.90000000,"Done":false},{"Time":"2019-04-02T00:59:58","Situation":"flat","Type":"ask","Price":0.07310000,"Amount":145623.90000000,"Done":false},{"Time":"2019-04-02T01:03:05","Situation":"trend","Type":"ask","Price":0.07198000,"Amount":278006.60000000,"Done":false},{"Time":"2019-04-02T01:03:05","Situation":"trend","Type":"ask","Price":0.07234000,"Amount":356866.00000000,"Done":false},{"Time":"2019-04-02T01:03:05","Situation":"trend","Type":"ask","Price":0.07270000,"Amount":188892.60000000,"Done":false},{"Time":"2019-04-02T01:03:05","Situation":"trend","Type":"ask","Price":0.07300000,"Amount":622415.60000000,"Done":false},{"Time":"2019-04-02T01:03:05","Situation":"trend","Type":"ask","Price":0.07310000,"Amount":145623.90000000,"Done":false},{"Time":"2019-04-02T01:08:09","Situation":"flat","Type":"ask","Price":0.07198000,"Amount":301093.20000000,"Done":false},{"Time":"2019-04-02T01:08:09","Situation":"flat","Type":"ask","Price":0.07213000,"Amount":356866.00000000,"Done":false},{"Time":"2019-04-02T01:08:09","Situation":"flat","Type":"ask","Price":0.07269000,"Amount":153486.50000000,"Done":false},{"Time":"2019-04-02T01:08:09","Situation":"flat","Type":"ask","Price":0.07300000,"Amount":622415.60000000,"Done":false},{"Time":"2019-04-02T01:08:09","Situation":"flat","Type":"ask","Price":0.07310000,"Amount":199419.90000000,"Done":false},{"Time":"2019-04-02T01:13:09","Situation":"flat","Type":"ask","Price":0.07198000,"Amount":278006.60000000,"Done":false},{"Time":"2019-04-02T01:13:09","Situation":"flat","Type":"ask","Price":0.07213000,"Amount":356866.00000000,"Done":false},{"Time":"2019-04-02T01:13:09","Situation":"flat","Type":"ask","Price":0.07278000,"Amount":150609.50000000,"Done":false},{"Time":"2019-04-02T01:13:09","Situation":"flat","Type":"ask","Price":0.07300000,"Amount":622415.60000000,"Done":false},{"Time":"2019-04-02T01:13:09","Situation":"flat","Type":"ask","Price":0.07310000,"Amount":199419.90000000,"Done":false},{"Time":"2019-04-02T01:18:10","Situation":"flat","Type":"ask","Price":0.07198000,"Amount":278006.60000000,"Done":false},{"Time":"2019-04-02T01:18:10","Situation":"flat","Type":"ask","Price":0.07213000,"Amount":356866.00000000,"Done":false},{"Time":"2019-04-02T01:18:10","Situation":"flat","Type":"ask","Price":0.07275000,"Amount":163376.20000000,"Done":false},{"Time":"2019-04-02T01:18:10","Situation":"flat","Type":"ask","Price":0.07300000,"Amount":592432.80000000,"Done":false},{"Time":"2019-04-02T01:18:10","Situation":"flat","Type":"ask","Price":0.07310000,"Amount":200287.90000000,"Done":false},{"Time":"2019-04-02T01:23:14","Situation":"flat","Type":"ask","Price":0.07198000,"Amount":278006.60000000,"Done":false},{"Time":"2019-04-02T01:23:14","Situation":"flat","Type":"ask","Price":0.07213000,"Amount":356866.00000000,"Done":false},{"Time":"2019-04-02T01:23:14","Situation":"flat","Type":"ask","Price":0.07261000,"Amount":150609.50000000,"Done":false},{"Time":"2019-04-02T01:23:14","Situation":"flat","Type":"ask","Price":0.07300000,"Amount":622661.60000000,"Done":false},{"Time":"2019-04-02T01:23:14","Situation":"flat","Type":"ask","Price":0.07310000,"Amount":200287.90000000,"Done":false},{"Time":"2019-04-02T01:28:15","Situation":"flat","Type":"ask","Price":0.07198000,"Amount":278006.60000000,"Done":false},{"Time":"2019-04-02T01:28:15","Situation":"flat","Type":"ask","Price":0.07213000,"Amount":356866.00000000,"Done":false},{"Time":"2019-04-02T01:28:15","Situation":"flat","Type":"ask","Price":0.07266000,"Amount":153159.50000000,"Done":false},{"Time":"2019-04-02T01:28:15","Situation":"flat","Type":"ask","Price":0.07300000,"Amount":622661.60000000,"Done":false},{"Time":"2019-04-02T01:28:15","Situation":"flat","Type":"ask","Price":0.07310000,"Amount":200287.90000000,"Done":false},{"Time":"2019-04-02T01:33:15","Situation":"flat","Type":"ask","Price":0.07198000,"Amount":278006.60000000,"Done":false},{"Time":"2019-04-02T01:33:15","Situation":"flat","Type":"ask","Price":0.07213000,"Amount":356866.00000000,"Done":false},{"Time":"2019-04-02T01:33:15","Situation":"flat","Type":"ask","Price":0.07281000,"Amount":151308.50000000,"Done":false},{"Time":"2019-04-02T01:33:15","Situation":"flat","Type":"ask","Price":0.07300000,"Amount":622661.60000000,"Done":false},{"Time":"2019-04-02T01:33:15","Situation":"flat","Type":"ask","Price":0.07310000,"Amount":200287.90000000,"Done":false},{"Time":"2019-04-02T01:38:15","Situation":"flat","Type":"ask","Price":0.07173000,"Amount":137172.70000000,"Done":false},{"Time":"2019-04-02T01:38:15","Situation":"flat","Type":"ask","Price":0.07198000,"Amount":278006.60000000,"Done":false},{"Time":"2019-04-02T01:38:15","Situation":"flat","Type":"ask","Price":0.07213000,"Amount":356866.00000000,"Done":false},{"Time":"2019-04-02T01:38:15","Situation":"flat","Type":"ask","Price":0.07266000,"Amount":153159.50000000,"Done":false},{"Time":"2019-04-02T01:38:15","Situation":"flat","Type":"ask","Price":0.07300000,"Amount":622661.60000000,"Done":false},{"Time":"2019-04-02T01:38:15","Situation":"flat","Type":"ask","Price":0.07310000,"Amount":200287.90000000,"Done":false},{"Time":"2019-04-02T01:43:19","Situation":"flat","Type":"ask","Price":0.07173000,"Amount":139960.90000000,"Done":false},{"Time":"2019-04-02T01:43:19","Situation":"flat","Type":"ask","Price":0.07198000,"Amount":278006.60000000,"Done":false},{"Time":"2019-04-02T01:43:19","Situation":"flat","Type":"ask","Price":0.07213000,"Amount":356866.00000000,"Done":false},{"Time":"2019-04-02T01:43:19","Situation":"flat","Type":"ask","Price":0.07278000,"Amount":150609.50000000,"Done":false},{"Time":"2019-04-02T01:43:19","Situation":"flat","Type":"ask","Price":0.07300000,"Amount":652644.40000000,"Done":false},{"Time":"2019-04-02T01:43:19","Situation":"flat","Type":"ask","Price":0.07310000,"Amount":200287.90000000,"Done":false},{"Time":"2019-04-02T01:48:20","Situation":"flat","Type":"ask","Price":0.07173000,"Amount":131128.70000000,"Done":false},{"Time":"2019-04-02T01:48:20","Situation":"flat","Type":"ask","Price":0.07198000,"Amount":278006.60000000,"Done":false},{"Time":"2019-04-02T01:48:20","Situation":"flat","Type":"ask","Price":0.07213000,"Amount":356866.00000000,"Done":false},{"Time":"2019-04-02T01:48:20","Situation":"flat","Type":"ask","Price":0.07274000,"Amount":155986.30000000,"Done":false},{"Time":"2019-04-02T01:48:20","Situation":"flat","Type":"ask","Price":0.07300000,"Amount":652644.40000000,"Done":false},{"Time":"2019-04-02T01:48:20","Situation":"flat","Type":"ask","Price":0.07310000,"Amount":200287.90000000,"Done":false},{"Time":"2019-04-02T01:53:20","Situation":"flat","Type":"ask","Price":0.07173000,"Amount":133388.70000000,"Done":false},{"Time":"2019-04-02T01:53:20","Situation":"flat","Type":"ask","Price":0.07198000,"Amount":278006.60000000,"Done":false},{"Time":"2019-04-02T01:53:20","Situation":"flat","Type":"ask","Price":0.07213000,"Amount":356866.00000000,"Done":false},{"Time":"2019-04-02T01:53:20","Situation":"flat","Type":"ask","Price":0.07267000,"Amount":150609.50000000,"Done":false},{"Time":"2019-04-02T01:53:20","Situation":"flat","Type":"ask","Price":0.07300000,"Amount":652644.40000000,"Done":false},{"Time":"2019-04-02T01:53:20","Situation":"flat","Type":"ask","Price":0.07310000,"Amount":200287.90000000,"Done":false},{"Time":"2019-04-02T01:58:24","Situation":"flat","Type":"ask","Price":0.07165000,"Amount":300374.70000000,"Done":false},{"Time":"2019-04-02T01:58:24","Situation":"flat","Type":"ask","Price":0.07173000,"Amount":133388.70000000,"Done":false},{"Time":"2019-04-02T01:58:24","Situation":"flat","Type":"ask","Price":0.07198000,"Amount":278006.60000000,"Done":false},{"Time":"2019-04-02T01:58:24","Situation":"flat","Type":"ask","Price":0.07213000,"Amount":356866.00000000,"Done":false},{"Time":"2019-04-02T01:58:24","Situation":"flat","Type":"ask","Price":0.07272000,"Amount":150609.50000000,"Done":false},{"Time":"2019-04-02T01:58:24","Situation":"flat","Type":"ask","Price":0.07300000,"Amount":652644.40000000,"Done":false},{"Time":"2019-04-02T01:58:24","Situation":"flat","Type":"ask","Price":0.07310000,"Amount":201649.90000000,"Done":false},{"Time":"2019-04-02T02:03:24","Situation":"flat","Type":"ask","Price":0.07173000,"Amount":131128.70000000,"Done":false},{"Time":"2019-04-02T02:03:24","Situation":"flat","Type":"ask","Price":0.07198000,"Amount":278006.60000000,"Done":false},{"Time":"2019-04-02T02:03:24","Situation":"flat","Type":"ask","Price":0.07200000,"Amount":251049.00000000,"Done":false},{"Time":"2019-04-02T02:03:24","Situation":"flat","Type":"ask","Price":0.07213000,"Amount":356866.00000000,"Done":false},{"Time":"2019-04-02T02:03:24","Situation":"flat","Type":"ask","Price":0.07265000,"Amount":150809.50000000,"Done":false},{"Time":"2019-04-02T02:03:24","Situation":"flat","Type":"ask","Price":0.07300000,"Amount":670763.20000000,"Done":false},{"Time":"2019-04-02T02:03:24","Situation":"flat","Type":"ask","Price":0.07310000,"Amount":201649.90000000,"Done":false},{"Time":"2019-04-02T02:08:25","Situation":"flat","Type":"ask","Price":0.07198000,"Amount":278006.60000000,"Done":false},{"Time":"2019-04-02T02:08:25","Situation":"flat","Type":"ask","Price":0.07200000,"Amount":251049.00000000,"Done":false},{"Time":"2019-04-02T02:08:25","Situation":"flat","Type":"ask","Price":0.07213000,"Amount":356866.00000000,"Done":false},{"Time":"2019-04-02T02:08:25","Situation":"flat","Type":"ask","Price":0.07281000,"Amount":151308.50000000,"Done":false},{"Time":"2019-04-02T02:08:25","Situation":"flat","Type":"ask","Price":0.07300000,"Amount":670763.20000000,"Done":false},{"Time":"2019-04-02T02:08:25","Situation":"flat","Type":"ask","Price":0.07310000,"Amount":201649.90000000,"Done":false},{"Time":"2019-04-02T02:13:25","Situation":"flat","Type":"ask","Price":0.07198000,"Amount":278006.60000000,"Done":false},{"Time":"2019-04-02T02:13:25","Situation":"flat","Type":"ask","Price":0.07200000,"Amount":251049.00000000,"Done":false},{"Time":"2019-04-02T02:13:25","Situation":"flat","Type":"ask","Price":0.07213000,"Amount":356866.00000000,"Done":false},{"Time":"2019-04-02T02:13:25","Situation":"flat","Type":"ask","Price":0.07273000,"Amount":151306.90000000,"Done":false},{"Time":"2019-04-02T02:13:25","Situation":"flat","Type":"ask","Price":0.07300000,"Amount":675106.50000000,"Done":false},{"Time":"2019-04-02T02:13:25","Situation":"flat","Type":"ask","Price":0.07310000,"Amount":201649.90000000,"Done":false},{"Time":"2019-04-02T02:18:25","Situation":"flat","Type":"ask","Price":0.07198000,"Amount":278006.60000000,"Done":false},{"Time":"2019-04-02T02:18:25","Situation":"flat","Type":"ask","Price":0.07200000,"Amount":251049.00000000,"Done":false},{"Time":"2019-04-02T02:18:25","Situation":"flat","Type":"ask","Price":0.07213000,"Amount":356866.00000000,"Done":false},{"Time":"2019-04-02T02:18:25","Situation":"flat","Type":"ask","Price":0.07258000,"Amount":151472.10000000,"Done":false},{"Time":"2019-04-02T02:18:25","Situation":"flat","Type":"ask","Price":0.07300000,"Amount":675106.50000000,"Done":false},{"Time":"2019-04-02T02:18:25","Situation":"flat","Type":"ask","Price":0.07310000,"Amount":201649.90000000,"Done":false},{"Time":"2019-04-02T02:23:25","Situation":"flat","Type":"ask","Price":0.07198000,"Amount":278006.60000000,"Done":false},{"Time":"2019-04-02T02:23:25","Situation":"flat","Type":"ask","Price":0.07200000,"Amount":251049.00000000,"Done":false},{"Time":"2019-04-02T02:23:25","Situation":"flat","Type":"ask","Price":0.07213000,"Amount":356866.00000000,"Done":false},{"Time":"2019-04-02T02:23:25","Situation":"flat","Type":"ask","Price":0.07273000,"Amount":151306.90000000,"Done":false},{"Time":"2019-04-02T02:23:25","Situation":"flat","Type":"ask","Price":0.07300000,"Amount":658266.50000000,"Done":false},{"Time":"2019-04-02T02:23:25","Situation":"flat","Type":"ask","Price":0.07310000,"Amount":201649.90000000,"Done":false},{"Time":"2019-04-02T02:28:25","Situation":"flat","Type":"ask","Price":0.07198000,"Amount":278006.60000000,"Done":false},{"Time":"2019-04-02T02:28:25","Situation":"flat","Type":"ask","Price":0.07200000,"Amount":251049.00000000,"Done":false},{"Time":"2019-04-02T02:28:25","Situation":"flat","Type":"ask","Price":0.07213000,"Amount":356866.00000000,"Done":false},{"Time":"2019-04-02T02:28:25","Situation":"flat","Type":"ask","Price":0.07265000,"Amount":150809.50000000,"Done":false},{"Time":"2019-04-02T02:28:25","Situation":"flat","Type":"ask","Price":0.07300000,"Amount":648559.90000000,"Done":false},{"Time":"2019-04-02T02:28:25","Situation":"flat","Type":"ask","Price":0.07310000,"Amount":201649.90000000,"Done":false},{"Time":"2019-04-02T02:29:35","Situation":"trend","Type":"ask","Price":0.07192000,"Amount":365866.00000000,"Done":false},{"Time":"2019-04-02T02:29:35","Situation":"trend","Type":"ask","Price":0.07198000,"Amount":278006.60000000,"Done":false},{"Time":"2019-04-02T02:29:35","Situation":"trend","Type":"ask","Price":0.07200000,"Amount":251049.00000000,"Done":false},{"Time":"2019-04-02T02:29:35","Situation":"trend","Type":"ask","Price":0.07245000,"Amount":150609.50000000,"Done":false},{"Time":"2019-04-02T02:29:35","Situation":"trend","Type":"ask","Price":0.07300000,"Amount":648559.90000000,"Done":false},{"Time":"2019-04-02T02:29:35","Situation":"trend","Type":"ask","Price":0.07310000,"Amount":209058.90000000,"Done":false},{"Time":"2019-04-02T02:29:35","Situation":"trend","Type":"ask","Price":0.07213000,"Amount":356866.00000000,"Done":true},{"Time":"2019-04-02T02:29:35","Situation":"trend","Type":"ask","Price":0.07273000,"Amount":151306.90000000,"Done":true},{"Time":"2019-04-02T02:34:39","Situation":"flat","Type":"ask","Price":0.07192000,"Amount":366565.10000000,"Done":false},{"Time":"2019-04-02T02:34:39","Situation":"flat","Type":"ask","Price":0.07198000,"Amount":278006.60000000,"Done":false},{"Time":"2019-04-02T02:34:39","Situation":"flat","Type":"ask","Price":0.07200000,"Amount":251874.20000000,"Done":false},{"Time":"2019-04-02T02:34:39","Situation":"flat","Type":"ask","Price":0.07247000,"Amount":150889.50000000,"Done":false},{"Time":"2019-04-02T02:34:39","Situation":"flat","Type":"ask","Price":0.07300000,"Amount":672592.00000000,"Done":false},{"Time":"2019-04-02T02:34:39","Situation":"flat","Type":"ask","Price":0.07310000,"Amount":209058.90000000,"Done":false},{"Time":"2019-04-02T02:39:40","Situation":"flat","Type":"ask","Price":0.07192000,"Amount":365866.00000000,"Done":false},{"Time":"2019-04-02T02:39:40","Situation":"flat","Type":"ask","Price":0.07198000,"Amount":278006.60000000,"Done":false},{"Time":"2019-04-02T02:39:40","Situation":"flat","Type":"ask","Price":0.07200000,"Amount":251874.20000000,"Done":false},{"Time":"2019-04-02T02:39:40","Situation":"flat","Type":"ask","Price":0.07243000,"Amount":151079.50000000,"Done":false},{"Time":"2019-04-02T02:39:40","Situation":"flat","Type":"ask","Price":0.07272000,"Amount":144858.00000000,"Done":false},{"Time":"2019-04-02T02:39:40","Situation":"flat","Type":"ask","Price":0.07300000,"Amount":672592.00000000,"Done":false},{"Time":"2019-04-02T02:40:56","Situation":"trend","Type":"ask","Price":0.07192000,"Amount":365866.00000000,"Done":false},{"Time":"2019-04-02T02:40:56","Situation":"trend","Type":"ask","Price":0.07198000,"Amount":278006.60000000,"Done":false},{"Time":"2019-04-02T02:40:56","Situation":"trend","Type":"ask","Price":0.07200000,"Amount":251874.20000000,"Done":false},{"Time":"2019-04-02T02:40:56","Situation":"trend","Type":"ask","Price":0.07234000,"Amount":150609.50000000,"Done":false},{"Time":"2019-04-02T02:40:56","Situation":"trend","Type":"ask","Price":0.07272000,"Amount":144858.00000000,"Done":false},{"Time":"2019-04-02T02:45:59","Situation":"flat","Type":"ask","Price":0.07150000,"Amount":369927.50000000,"Done":false},{"Time":"2019-04-02T02:45:59","Situation":"flat","Type":"ask","Price":0.07198000,"Amount":278006.60000000,"Done":false},{"Time":"2019-04-02T02:45:59","Situation":"flat","Type":"ask","Price":0.07200000,"Amount":251246.90000000,"Done":false},{"Time":"2019-04-02T02:45:59","Situation":"flat","Type":"ask","Price":0.07204000,"Amount":151164.70000000,"Done":false},{"Time":"2019-04-02T02:45:59","Situation":"flat","Type":"ask","Price":0.07234000,"Amount":178641.90000000,"Done":false},{"Time":"2019-04-02T02:50:59","Situation":"trend","Type":"ask","Price":0.07198000,"Amount":318566.00000000,"Done":false},{"Time":"2019-04-02T02:50:59","Situation":"trend","Type":"ask","Price":0.07199000,"Amount":367629.00000000,"Done":false},{"Time":"2019-04-02T02:50:59","Situation":"trend","Type":"ask","Price":0.07200000,"Amount":251246.90000000,"Done":false},{"Time":"2019-04-02T02:50:59","Situation":"trend","Type":"ask","Price":0.07231000,"Amount":150609.50000000,"Done":false},{"Time":"2019-04-02T02:50:59","Situation":"trend","Type":"ask","Price":0.07300000,"Amount":648559.90000000,"Done":false},{"Time":"2019-04-02T02:51:44","Situation":"trend","Type":"ask","Price":0.07198000,"Amount":318566.00000000,"Done":false},{"Time":"2019-04-02T02:51:44","Situation":"trend","Type":"ask","Price":0.07200000,"Amount":251246.90000000,"Done":false},{"Time":"2019-04-02T02:51:44","Situation":"trend","Type":"ask","Price":0.07223000,"Amount":356866.00000000,"Done":false},{"Time":"2019-04-02T02:51:44","Situation":"trend","Type":"ask","Price":0.07288000,"Amount":152616.50000000,"Done":false},{"Time":"2019-04-02T02:51:44","Situation":"trend","Type":"ask","Price":0.07300000,"Amount":648559.90000000,"Done":false},{"Time":"2019-04-02T02:51:44","Situation":"trend","Type":"ask","Price":0.07320000,"Amount":172710.00000000,"Done":false},{"Time":"2019-04-02T02:51:44","Situation":"trend","Type":"ask","Price":0.07150000,"Amount":369927.50000000,"Done":true},{"Time":"2019-04-02T02:51:44","Situation":"trend","Type":"ask","Price":0.07204000,"Amount":151164.70000000,"Done":true},{"Time":"2019-04-02T02:51:44","Situation":"trend","Type":"ask","Price":0.07234000,"Amount":178641.90000000,"Done":true},{"Time":"2019-04-02T02:53:39","Situation":"trend","Type":"ask","Price":0.07246000,"Amount":399213.20000000,"Done":false},{"Time":"2019-04-02T02:53:39","Situation":"trend","Type":"ask","Price":0.07300000,"Amount":654778.60000000,"Done":false},{"Time":"2019-04-02T02:53:39","Situation":"trend","Type":"ask","Price":0.07317000,"Amount":151636.20000000,"Done":false},{"Time":"2019-04-02T02:55:34","Situation":"trend","Type":"ask","Price":0.07246000,"Amount":399213.20000000,"Done":false},{"Time":"2019-04-02T02:55:34","Situation":"trend","Type":"ask","Price":0.07287000,"Amount":152813.80000000,"Done":false},{"Time":"2019-04-02T02:55:34","Situation":"trend","Type":"ask","Price":0.07300000,"Amount":650435.30000000,"Done":false},{"Time":"2019-04-02T03:00:34","Situation":"flat","Type":"ask","Price":0.07248000,"Amount":356866.00000000,"Done":false},{"Time":"2019-04-02T03:00:34","Situation":"flat","Type":"ask","Price":0.07300000,"Amount":650435.30000000,"Done":false},{"Time":"2019-04-02T03:00:34","Situation":"flat","Type":"ask","Price":0.07301000,"Amount":150809.50000000,"Done":false},{"Time":"2019-04-02T03:03:04","Situation":"trend","Type":"ask","Price":0.07227000,"Amount":356866.00000000,"Done":false},{"Time":"2019-04-02T03:03:04","Situation":"trend","Type":"ask","Price":0.07274000,"Amount":155709.50000000,"Done":false},{"Time":"2019-04-02T03:03:04","Situation":"trend","Type":"ask","Price":0.07300000,"Amount":620452.50000000,"Done":false},{"Time":"2019-04-02T03:07:00","Situation":"trend","Type":"ask","Price":0.07206000,"Amount":357046.00000000,"Done":false},{"Time":"2019-04-02T03:07:00","Situation":"trend","Type":"ask","Price":0.07300000,"Amount":620452.50000000,"Done":false},{"Time":"2019-04-02T03:07:00","Situation":"trend","Type":"ask","Price":0.07248000,"Amount":356866.00000000,"Done":true},{"Time":"2019-04-02T03:07:00","Situation":"trend","Type":"ask","Price":0.07301000,"Amount":150809.50000000,"Done":true},{"Time":"2019-04-02T03:10:39","Situation":"trend","Type":"ask","Price":0.07206000,"Amount":357046.00000000,"Done":false},{"Time":"2019-04-02T03:10:39","Situation":"trend","Type":"ask","Price":0.07261000,"Amount":151027.70000000,"Done":false},{"Time":"2019-04-02T03:10:39","Situation":"trend","Type":"ask","Price":0.07300000,"Amount":620452.50000000,"Done":false},{"Time":"2019-04-02T03:15:39","Situation":"flat","Type":"ask","Price":0.07200000,"Amount":213418.50000000,"Done":false},{"Time":"2019-04-02T03:15:39","Situation":"flat","Type":"ask","Price":0.07206000,"Amount":357046.00000000,"Done":false},{"Time":"2019-04-02T03:15:39","Situation":"flat","Type":"ask","Price":0.07258000,"Amount":151472.10000000,"Done":false},{"Time":"2019-04-02T03:15:39","Situation":"flat","Type":"ask","Price":0.07300000,"Amount":620452.50000000,"Done":false},{"Time":"2019-04-02T03:20:39","Situation":"flat","Type":"ask","Price":0.07148000,"Amount":175801.00000000,"Done":false},{"Time":"2019-04-02T03:20:39","Situation":"flat","Type":"ask","Price":0.07200000,"Amount":223418.50000000,"Done":false},{"Time":"2019-04-02T03:20:39","Situation":"flat","Type":"ask","Price":0.07206000,"Amount":357046.00000000,"Done":false},{"Time":"2019-04-02T03:20:39","Situation":"flat","Type":"ask","Price":0.07253000,"Amount":153687.40000000,"Done":false},{"Time":"2019-04-02T03:20:39","Situation":"flat","Type":"ask","Price":0.07300000,"Amount":620452.50000000,"Done":false},{"Time":"2019-04-02T03:25:39","Situation":"flat","Type":"ask","Price":0.07200000,"Amount":213418.50000000,"Done":false},{"Time":"2019-04-02T03:25:39","Situation":"flat","Type":"ask","Price":0.07206000,"Amount":357046.00000000,"Done":false},{"Time":"2019-04-02T03:25:39","Situation":"flat","Type":"ask","Price":0.07251000,"Amount":153299.50000000,"Done":false},{"Time":"2019-04-02T03:25:39","Situation":"flat","Type":"ask","Price":0.07300000,"Amount":637059.90000000,"Done":false},{"Time":"2019-04-02T03:30:40","Situation":"flat","Type":"ask","Price":0.07200000,"Amount":213418.50000000,"Done":false},{"Time":"2019-04-02T03:30:40","Situation":"flat","Type":"ask","Price":0.07206000,"Amount":357046.00000000,"Done":false},{"Time":"2019-04-02T03:30:40","Situation":"flat","Type":"ask","Price":0.07256000,"Amount":155221.50000000,"Done":false},{"Time":"2019-04-02T03:30:40","Situation":"flat","Type":"ask","Price":0.07300000,"Amount":632059.90000000,"Done":false},{"Time":"2019-04-02T03:35:40","Situation":"flat","Type":"ask","Price":0.07200000,"Amount":213418.50000000,"Done":false},{"Time":"2019-04-02T03:35:40","Situation":"flat","Type":"ask","Price":0.07206000,"Amount":357046.00000000,"Done":false},{"Time":"2019-04-02T03:35:40","Situation":"flat","Type":"ask","Price":0.07254000,"Amount":150748.70000000,"Done":false},{"Time":"2019-04-02T03:35:40","Situation":"flat","Type":"ask","Price":0.07300000,"Amount":633477.40000000,"Done":false},{"Time":"2019-04-02T03:40:40","Situation":"flat","Type":"ask","Price":0.07200000,"Amount":213418.50000000,"Done":false},{"Time":"2019-04-02T03:40:40","Situation":"flat","Type":"ask","Price":0.07206000,"Amount":357046.00000000,"Done":false},{"Time":"2019-04-02T03:40:40","Situation":"flat","Type":"ask","Price":0.07248000,"Amount":150609.50000000,"Done":false},{"Time":"2019-04-02T03:40:40","Situation":"flat","Type":"ask","Price":0.07300000,"Amount":629134.00000000,"Done":false},{"Time":"2019-04-02T03:42:00","Situation":"trend","Type":"ask","Price":0.07185000,"Amount":359657.30000000,"Done":false},{"Time":"2019-04-02T03:42:00","Situation":"trend","Type":"ask","Price":0.07200000,"Amount":213418.50000000,"Done":false},{"Time":"2019-04-02T03:42:00","Situation":"trend","Type":"ask","Price":0.07219000,"Amount":150609.50000000,"Done":false},{"Time":"2019-04-02T03:42:00","Situation":"trend","Type":"ask","Price":0.07206000,"Amount":357046.00000000,"Done":true},{"Time":"2019-04-02T03:42:00","Situation":"trend","Type":"ask","Price":0.07254000,"Amount":150748.70000000,"Done":true},{"Time":"2019-04-02T03:42:00","Situation":"trend","Type":"ask","Price":0.07300000,"Amount":633477.40000000,"Done":true},{"Time":"2019-04-02T03:46:15","Situation":"trend","Type":"ask","Price":0.07164000,"Amount":357728.60000000,"Done":false},{"Time":"2019-04-02T03:46:15","Situation":"trend","Type":"ask","Price":0.07200000,"Amount":213418.50000000,"Done":false},{"Time":"2019-04-02T03:46:15","Situation":"trend","Type":"ask","Price":0.07204000,"Amount":150609.50000000,"Done":false},{"Time":"2019-04-02T03:46:15","Situation":"trend","Type":"ask","Price":0.07206000,"Amount":357046.00000000,"Done":true},{"Time":"2019-04-02T03:46:15","Situation":"trend","Type":"ask","Price":0.07248000,"Amount":150609.50000000,"Done":true},{"Time":"2019-04-02T03:46:15","Situation":"trend","Type":"ask","Price":0.07300000,"Amount":629134.00000000,"Done":true},{"Time":"2019-04-02T03:51:15","Situation":"flat","Type":"ask","Price":0.07120000,"Amount":356866.00000000,"Done":false},{"Time":"2019-04-02T03:51:15","Situation":"flat","Type":"ask","Price":0.07150000,"Amount":144537.40000000,"Done":false},{"Time":"2019-04-02T03:51:15","Situation":"flat","Type":"ask","Price":0.07171000,"Amount":150609.50000000,"Done":false},{"Time":"2019-04-02T03:51:15","Situation":"flat","Type":"ask","Price":0.07200000,"Amount":216179.40000000,"Done":false},{"Time":"2019-04-02T03:51:15","Situation":"flat","Type":"ask","Price":0.07246000,"Amount":155765.20000000,"Done":false},{"Time":"2019-04-02T03:56:19","Situation":"flat","Type":"ask","Price":0.07120000,"Amount":356866.00000000,"Done":false},{"Time":"2019-04-02T03:56:19","Situation":"flat","Type":"ask","Price":0.07150000,"Amount":138961.10000000,"Done":false},{"Time":"2019-04-02T03:56:19","Situation":"flat","Type":"ask","Price":0.07180000,"Amount":295549.00000000,"Done":false},{"Time":"2019-04-02T03:56:19","Situation":"flat","Type":"ask","Price":0.07200000,"Amount":220133.70000000,"Done":false},{"Time":"2019-04-02T03:56:19","Situation":"flat","Type":"ask","Price":0.07246000,"Amount":155765.20000000,"Done":false},{"Time":"2019-04-02T03:56:49","Situation":"trend","Type":"ask","Price":0.07147000,"Amount":357107.30000000,"Done":false},{"Time":"2019-04-02T03:56:49","Situation":"trend","Type":"ask","Price":0.07150000,"Amount":138961.10000000,"Done":false},{"Time":"2019-04-02T03:56:49","Situation":"trend","Type":"ask","Price":0.07180000,"Amount":295549.00000000,"Done":false},{"Time":"2019-04-02T03:56:49","Situation":"trend","Type":"ask","Price":0.07201000,"Amount":150772.20000000,"Done":false},{"Time":"2019-04-02T03:56:49","Situation":"trend","Type":"ask","Price":0.07246000,"Amount":155765.20000000,"Done":false},{"Time":"2019-04-02T04:01:51","Situation":"flat","Type":"ask","Price":0.07147000,"Amount":357107.30000000,"Done":false},{"Time":"2019-04-02T04:01:51","Situation":"flat","Type":"ask","Price":0.07150000,"Amount":146273.40000000,"Done":false},{"Time":"2019-04-02T04:01:51","Situation":"flat","Type":"ask","Price":0.07180000,"Amount":295549.00000000,"Done":false},{"Time":"2019-04-02T04:01:51","Situation":"flat","Type":"ask","Price":0.07204000,"Amount":150609.50000000,"Done":false},{"Time":"2019-04-02T04:01:51","Situation":"flat","Type":"ask","Price":0.07246000,"Amount":155765.20000000,"Done":false},{"Time":"2019-04-02T04:06:54","Situation":"flat","Type":"ask","Price":0.07147000,"Amount":357107.30000000,"Done":false},{"Time":"2019-04-02T04:06:54","Situation":"flat","Type":"ask","Price":0.07150000,"Amount":146273.40000000,"Done":false},{"Time":"2019-04-02T04:06:54","Situation":"flat","Type":"ask","Price":0.07180000,"Amount":295549.00000000,"Done":false},{"Time":"2019-04-02T04:06:54","Situation":"flat","Type":"ask","Price":0.07187000,"Amount":152144.60000000,"Done":false},{"Time":"2019-04-02T04:06:54","Situation":"flat","Type":"ask","Price":0.07246000,"Amount":155765.20000000,"Done":false},{"Time":"2019-04-02T04:11:54","Situation":"flat","Type":"ask","Price":0.07130000,"Amount":229190.20000000,"Done":false},{"Time":"2019-04-02T04:11:54","Situation":"flat","Type":"ask","Price":0.07147000,"Amount":357107.30000000,"Done":false},{"Time":"2019-04-02T04:11:54","Situation":"flat","Type":"ask","Price":0.07150000,"Amount":145471.40000000,"Done":false},{"Time":"2019-04-02T04:11:54","Situation":"flat","Type":"ask","Price":0.07180000,"Amount":295549.00000000,"Done":false},{"Time":"2019-04-02T04:11:54","Situation":"flat","Type":"ask","Price":0.07182000,"Amount":151739.70000000,"Done":false},{"Time":"2019-04-02T04:11:54","Situation":"flat","Type":"ask","Price":0.07246000,"Amount":155765.20000000,"Done":false},{"Time":"2019-04-02T04:16:55","Situation":"flat","Type":"ask","Price":0.07130000,"Amount":229190.20000000,"Done":false},{"Time":"2019-04-02T04:16:55","Situation":"flat","Type":"ask","Price":0.07149000,"Amount":356866.00000000,"Done":false},{"Time":"2019-04-02T04:16:55","Situation":"flat","Type":"ask","Price":0.07150000,"Amount":134808.10000000,"Done":false},{"Time":"2019-04-02T04:16:55","Situation":"flat","Type":"ask","Price":0.07180000,"Amount":295549.00000000,"Done":false},{"Time":"2019-04-02T04:16:55","Situation":"flat","Type":"ask","Price":0.07202000,"Amount":150609.50000000,"Done":false},{"Time":"2019-04-02T04:16:55","Situation":"flat","Type":"ask","Price":0.07246000,"Amount":155765.20000000,"Done":false},{"Time":"2019-04-02T04:21:39","Situation":"trend","Type":"ask","Price":0.07130000,"Amount":229190.20000000,"Done":false},{"Time":"2019-04-02T04:21:39","Situation":"trend","Type":"ask","Price":0.07149000,"Amount":357047.80000000,"Done":false},{"Time":"2019-04-02T04:21:39","Situation":"trend","Type":"ask","Price":0.07180000,"Amount":295549.00000000,"Done":false},{"Time":"2019-04-02T04:21:39","Situation":"trend","Type":"ask","Price":0.07209000,"Amount":150609.50000000,"Done":false},{"Time":"2019-04-02T04:21:39","Situation":"trend","Type":"ask","Price":0.07246000,"Amount":155765.20000000,"Done":false},{"Time":"2019-04-02T04:26:39","Situation":"flat","Type":"ask","Price":0.07130000,"Amount":263189.80000000,"Done":false},{"Time":"2019-04-02T04:26:39","Situation":"flat","Type":"ask","Price":0.07149000,"Amount":357047.80000000,"Done":false},{"Time":"2019-04-02T04:26:39","Situation":"flat","Type":"ask","Price":0.07180000,"Amount":295549.00000000,"Done":false},{"Time":"2019-04-02T04:26:39","Situation":"flat","Type":"ask","Price":0.07200000,"Amount":155433.10000000,"Done":false},{"Time":"2019-04-02T04:26:39","Situation":"flat","Type":"ask","Price":0.07210000,"Amount":150930.30000000,"Done":false},{"Time":"2019-04-02T04:26:39","Situation":"flat","Type":"ask","Price":0.07246000,"Amount":155765.20000000,"Done":false},{"Time":"2019-04-02T04:31:39","Situation":"flat","Type":"ask","Price":0.07130000,"Amount":235925.60000000,"Done":false},{"Time":"2019-04-02T04:31:39","Situation":"flat","Type":"ask","Price":0.07172000,"Amount":357510.60000000,"Done":false},{"Time":"2019-04-02T04:31:39","Situation":"flat","Type":"ask","Price":0.07180000,"Amount":295549.00000000,"Done":false},{"Time":"2019-04-02T04:31:39","Situation":"flat","Type":"ask","Price":0.07200000,"Amount":155433.10000000,"Done":false},{"Time":"2019-04-02T04:31:39","Situation":"flat","Type":"ask","Price":0.07222000,"Amount":187165.90000000,"Done":false},{"Time":"2019-04-02T04:31:39","Situation":"flat","Type":"ask","Price":0.07246000,"Amount":164972.60000000,"Done":false},{"Time":"2019-04-02T04:32:24","Situation":"trend","Type":"ask","Price":0.07180000,"Amount":295549.00000000,"Done":false},{"Time":"2019-04-02T04:32:24","Situation":"trend","Type":"ask","Price":0.07195000,"Amount":357477.80000000,"Done":false},{"Time":"2019-04-02T04:32:24","Situation":"trend","Type":"ask","Price":0.07200000,"Amount":161433.10000000,"Done":false},{"Time":"2019-04-02T04:32:24","Situation":"trend","Type":"ask","Price":0.07238000,"Amount":171312.70000000,"Done":false},{"Time":"2019-04-02T04:32:24","Situation":"trend","Type":"ask","Price":0.07300000,"Amount":639362.30000000,"Done":false},{"Time":"2019-04-02T04:32:24","Situation":"trend","Type":"ask","Price":0.07130000,"Amount":263189.80000000,"Done":true},{"Time":"2019-04-02T04:32:24","Situation":"trend","Type":"ask","Price":0.07149000,"Amount":357047.80000000,"Done":true},{"Time":"2019-04-02T04:32:24","Situation":"trend","Type":"ask","Price":0.07210000,"Amount":150930.30000000,"Done":true},{"Time":"2019-04-02T04:32:24","Situation":"trend","Type":"ask","Price":0.07246000,"Amount":155765.20000000,"Done":true},{"Time":"2019-04-02T04:32:54","Situation":"trend","Type":"ask","Price":0.07268000,"Amount":156662.60000000,"Done":false},{"Time":"2019-04-02T04:32:54","Situation":"trend","Type":"ask","Price":0.07300000,"Amount":633143.60000000,"Done":false},{"Time":"2019-04-02T04:32:54","Situation":"trend","Type":"ask","Price":0.07308000,"Amount":356866.00000000,"Done":false},{"Time":"2019-04-02T04:32:54","Situation":"trend","Type":"ask","Price":0.07350000,"Amount":141567.00000000,"Done":false},{"Time":"2019-04-02T04:32:54","Situation":"trend","Type":"ask","Price":0.07130000,"Amount":235925.60000000,"Done":true},{"Time":"2019-04-02T04:32:54","Situation":"trend","Type":"ask","Price":0.07172000,"Amount":357510.60000000,"Done":true},{"Time":"2019-04-02T04:32:54","Situation":"trend","Type":"ask","Price":0.07180000,"Amount":295549.00000000,"Done":true},{"Time":"2019-04-02T04:32:54","Situation":"trend","Type":"ask","Price":0.07200000,"Amount":155433.10000000,"Done":true},{"Time":"2019-04-02T04:32:54","Situation":"trend","Type":"ask","Price":0.07222000,"Amount":187165.90000000,"Done":true},{"Time":"2019-04-02T04:32:54","Situation":"trend","Type":"ask","Price":0.07246000,"Amount":164972.60000000,"Done":true},{"Time":"2019-04-02T04:33:35","Situation":"trend","Type":"ask","Price":0.07300000,"Amount":589362.30000000,"Done":false},{"Time":"2019-04-02T04:33:35","Situation":"trend","Type":"ask","Price":0.07308000,"Amount":356866.00000000,"Done":false},{"Time":"2019-04-02T04:33:35","Situation":"trend","Type":"ask","Price":0.07345000,"Amount":150609.50000000,"Done":false},{"Time":"2019-04-02T04:33:35","Situation":"trend","Type":"ask","Price":0.07350000,"Amount":141567.00000000,"Done":false},{"Time":"2019-04-02T04:33:35","Situation":"trend","Type":"ask","Price":0.07130000,"Amount":235925.60000000,"Done":true},{"Time":"2019-04-02T04:33:35","Situation":"trend","Type":"ask","Price":0.07172000,"Amount":357510.60000000,"Done":true},{"Time":"2019-04-02T04:33:35","Situation":"trend","Type":"ask","Price":0.07180000,"Amount":295549.00000000,"Done":true},{"Time":"2019-04-02T04:33:35","Situation":"trend","Type":"ask","Price":0.07200000,"Amount":155433.10000000,"Done":true},{"Time":"2019-04-02T04:33:35","Situation":"trend","Type":"ask","Price":0.07222000,"Amount":187165.90000000,"Done":true},{"Time":"2019-04-02T04:33:35","Situation":"trend","Type":"ask","Price":0.07246000,"Amount":164972.60000000,"Done":true},{"Time":"2019-04-02T04:34:44","Situation":"trend","Type":"ask","Price":0.07300000,"Amount":589726.50000000,"Done":false},{"Time":"2019-04-02T04:34:44","Situation":"trend","Type":"ask","Price":0.07362000,"Amount":150609.50000000,"Done":false},{"Time":"2019-04-02T04:34:44","Situation":"trend","Type":"ask","Price":0.07395000,"Amount":356866.00000000,"Done":false},{"Time":"2019-04-02T04:34:44","Situation":"trend","Type":"ask","Price":0.07130000,"Amount":235925.60000000,"Done":true},{"Time":"2019-04-02T04:34:44","Situation":"trend","Type":"ask","Price":0.07172000,"Amount":357510.60000000,"Done":true},{"Time":"2019-04-02T04:34:44","Situation":"trend","Type":"ask","Price":0.07180000,"Amount":295549.00000000,"Done":true},{"Time":"2019-04-02T04:34:44","Situation":"trend","Type":"ask","Price":0.07200000,"Amount":155433.10000000,"Done":true},{"Time":"2019-04-02T04:34:44","Situation":"trend","Type":"ask","Price":0.07222000,"Amount":187165.90000000,"Done":true},{"Time":"2019-04-02T04:34:44","Situation":"trend","Type":"ask","Price":0.07246000,"Amount":164972.60000000,"Done":true},{"Time":"2019-04-02T04:38:30","Situation":"trend","Type":"ask","Price":0.07350000,"Amount":143215.90000000,"Done":false},{"Time":"2019-04-02T04:38:30","Situation":"trend","Type":"ask","Price":0.07400000,"Amount":149576.90000000,"Done":false},{"Time":"2019-04-02T04:38:30","Situation":"trend","Type":"ask","Price":0.07408000,"Amount":150809.50000000,"Done":false},{"Time":"2019-04-02T04:38:30","Situation":"trend","Type":"ask","Price":0.07450000,"Amount":184934.60000000,"Done":false},{"Time":"2019-04-02T04:38:30","Situation":"trend","Type":"ask","Price":0.07130000,"Amount":235925.60000000,"Done":true},{"Time":"2019-04-02T04:38:30","Situation":"trend","Type":"ask","Price":0.07172000,"Amount":357510.60000000,"Done":true},{"Time":"2019-04-02T04:38:30","Situation":"trend","Type":"ask","Price":0.07180000,"Amount":295549.00000000,"Done":true},{"Time":"2019-04-02T04:38:30","Situation":"trend","Type":"ask","Price":0.07200000,"Amount":155433.10000000,"Done":true},{"Time":"2019-04-02T04:38:30","Situation":"trend","Type":"ask","Price":0.07222000,"Amount":187165.90000000,"Done":true},{"Time":"2019-04-02T04:38:30","Situation":"trend","Type":"ask","Price":0.07246000,"Amount":164972.60000000,"Done":true},{"Time":"2019-04-02T04:39:44","Situation":"trend","Type":"ask","Price":0.07350000,"Amount":143215.90000000,"Done":false},{"Time":"2019-04-02T04:39:44","Situation":"trend","Type":"ask","Price":0.07400000,"Amount":149576.90000000,"Done":false},{"Time":"2019-04-02T04:39:44","Situation":"trend","Type":"ask","Price":0.07442000,"Amount":150609.50000000,"Done":false},{"Time":"2019-04-02T04:39:44","Situation":"trend","Type":"ask","Price":0.07447000,"Amount":359701.20000000,"Done":false},{"Time":"2019-04-02T04:39:44","Situation":"trend","Type":"ask","Price":0.07450000,"Amount":184934.60000000,"Done":false},{"Time":"2019-04-02T04:39:44","Situation":"trend","Type":"ask","Price":0.07500000,"Amount":374111.40000000,"Done":false},{"Time":"2019-04-02T04:43:14","Situation":"trend","Type":"ask","Price":0.07340000,"Amount":295549.00000000,"Done":false},{"Time":"2019-04-02T04:43:14","Situation":"trend","Type":"ask","Price":0.07400000,"Amount":131725.30000000,"Done":false},{"Time":"2019-04-02T04:43:14","Situation":"trend","Type":"ask","Price":0.07412000,"Amount":356866.00000000,"Done":false},{"Time":"2019-04-02T04:43:14","Situation":"trend","Type":"ask","Price":0.07442000,"Amount":150609.50000000,"Done":false},{"Time":"2019-04-02T04:43:14","Situation":"trend","Type":"ask","Price":0.07450000,"Amount":170793.60000000,"Done":false},{"Time":"2019-04-02T04:43:14","Situation":"trend","Type":"ask","Price":0.07500000,"Amount":309344.40000000,"Done":false},{"Time":"2019-04-02T04:43:28","Situation":"trend","Type":"ask","Price":0.07340000,"Amount":295549.00000000,"Done":false},{"Time":"2019-04-02T04:43:28","Situation":"trend","Type":"ask","Price":0.07345000,"Amount":356866.00000000,"Done":false},{"Time":"2019-04-02T04:43:28","Situation":"trend","Type":"ask","Price":0.07400000,"Amount":131725.30000000,"Done":false},{"Time":"2019-04-02T04:43:28","Situation":"trend","Type":"ask","Price":0.07429000,"Amount":155865.50000000,"Done":false},{"Time":"2019-04-02T04:43:28","Situation":"trend","Type":"ask","Price":0.07450000,"Amount":170793.60000000,"Done":false},{"Time":"2019-04-02T04:46:14","Situation":"trend","Type":"ask","Price":0.07300000,"Amount":857090.90000000,"Done":false},{"Time":"2019-04-02T04:46:14","Situation":"trend","Type":"ask","Price":0.07340000,"Amount":296077.80000000,"Done":false},{"Time":"2019-04-02T04:46:14","Situation":"trend","Type":"ask","Price":0.07374000,"Amount":168707.20000000,"Done":false},{"Time":"2019-04-02T04:46:14","Situation":"trend","Type":"ask","Price":0.07392000,"Amount":178433.00000000,"Done":false},{"Time":"2019-04-02T04:46:14","Situation":"trend","Type":"ask","Price":0.07450000,"Amount":243523.80000000,"Done":false},{"Time":"2019-04-02T04:46:14","Situation":"trend","Type":"ask","Price":0.07471000,"Amount":178433.00000000,"Done":false},{"Time":"2019-04-02T04:49:24","Situation":"trend","Type":"ask","Price":0.07352000,"Amount":356866.00000000,"Done":false},{"Time":"2019-04-02T04:49:24","Situation":"trend","Type":"ask","Price":0.07404000,"Amount":178993.60000000,"Done":false},{"Time":"2019-04-02T04:49:24","Situation":"trend","Type":"ask","Price":0.07406000,"Amount":142028.90000000,"Done":false},{"Time":"2019-04-02T04:49:24","Situation":"trend","Type":"ask","Price":0.07450000,"Amount":243523.80000000,"Done":false},{"Time":"2019-04-02T04:49:24","Situation":"trend","Type":"ask","Price":0.07471000,"Amount":178433.00000000,"Done":false},{"Time":"2019-04-02T04:49:24","Situation":"trend","Type":"ask","Price":0.07500000,"Amount":327502.20000000,"Done":false},{"Time":"2019-04-02T04:50:40","Situation":"trend","Type":"ask","Price":0.07450000,"Amount":243523.80000000,"Done":false},{"Time":"2019-04-02T04:50:40","Situation":"trend","Type":"ask","Price":0.07471000,"Amount":178433.00000000,"Done":false},{"Time":"2019-04-02T04:50:40","Situation":"trend","Type":"ask","Price":0.07482000,"Amount":142208.90000000,"Done":false},{"Time":"2019-04-02T04:50:40","Situation":"trend","Type":"ask","Price":0.07496000,"Amount":356866.00000000,"Done":false},{"Time":"2019-04-02T04:50:40","Situation":"trend","Type":"ask","Price":0.07500000,"Amount":327502.20000000,"Done":false},{"Time":"2019-04-02T04:50:40","Situation":"trend","Type":"ask","Price":0.07533000,"Amount":186850.60000000,"Done":false},{"Time":"2019-04-02T04:50:40","Situation":"trend","Type":"ask","Price":0.07550000,"Amount":369593.60000000,"Done":false},{"Time":"2019-04-02T04:51:10","Situation":"trend","Type":"ask","Price":0.07471000,"Amount":178433.00000000,"Done":false},{"Time":"2019-04-02T04:51:10","Situation":"trend","Type":"ask","Price":0.07500000,"Amount":327502.20000000,"Done":false},{"Time":"2019-04-02T04:51:10","Situation":"trend","Type":"ask","Price":0.07533000,"Amount":186850.60000000,"Done":false},{"Time":"2019-04-02T04:51:10","Situation":"trend","Type":"ask","Price":0.07541000,"Amount":357728.60000000,"Done":false},{"Time":"2019-04-02T04:51:10","Situation":"trend","Type":"ask","Price":0.07544000,"Amount":221660.30000000,"Done":false},{"Time":"2019-04-02T04:51:10","Situation":"trend","Type":"ask","Price":0.07550000,"Amount":369593.60000000,"Done":false},{"Time":"2019-04-02T04:51:10","Situation":"trend","Type":"ask","Price":0.07600000,"Amount":299236.50000000,"Done":false},{"Time":"2019-04-02T04:51:15","Situation":"trend","Type":"ask","Price":0.07471000,"Amount":178433.00000000,"Done":false},{"Time":"2019-04-02T04:51:15","Situation":"trend","Type":"ask","Price":0.07500000,"Amount":327502.20000000,"Done":false},{"Time":"2019-04-02T04:51:15","Situation":"trend","Type":"ask","Price":0.07533000,"Amount":186850.60000000,"Done":false},{"Time":"2019-04-02T04:51:15","Situation":"trend","Type":"ask","Price":0.07544000,"Amount":221660.30000000,"Done":false},{"Time":"2019-04-02T04:51:15","Situation":"trend","Type":"ask","Price":0.07550000,"Amount":369593.60000000,"Done":false},{"Time":"2019-04-02T04:51:15","Situation":"trend","Type":"ask","Price":0.07600000,"Amount":299236.50000000,"Done":false},{"Time":"2019-04-02T04:51:59","Situation":"trend","Type":"ask","Price":0.07471000,"Amount":178433.00000000,"Done":false},{"Time":"2019-04-02T04:51:59","Situation":"trend","Type":"ask","Price":0.07500000,"Amount":327913.80000000,"Done":false},{"Time":"2019-04-02T04:51:59","Situation":"trend","Type":"ask","Price":0.07533000,"Amount":186850.60000000,"Done":false},{"Time":"2019-04-02T04:51:59","Situation":"trend","Type":"ask","Price":0.07550000,"Amount":369593.60000000,"Done":false},{"Time":"2019-04-02T04:51:59","Situation":"trend","Type":"ask","Price":0.07582000,"Amount":180155.20000000,"Done":false},{"Time":"2019-04-02T04:51:59","Situation":"trend","Type":"ask","Price":0.07587000,"Amount":356866.00000000,"Done":false},{"Time":"2019-04-02T04:51:59","Situation":"trend","Type":"ask","Price":0.07600000,"Amount":299236.50000000,"Done":false},{"Time":"2019-04-02T04:53:14","Situation":"trend","Type":"ask","Price":0.07499000,"Amount":159680.00000000,"Done":false},{"Time":"2019-04-02T04:53:14","Situation":"trend","Type":"ask","Price":0.07500000,"Amount":309214.60000000,"Done":false},{"Time":"2019-04-02T04:53:14","Situation":"trend","Type":"ask","Price":0.07533000,"Amount":186850.60000000,"Done":false},{"Time":"2019-04-02T04:53:14","Situation":"trend","Type":"ask","Price":0.07550000,"Amount":369593.60000000,"Done":false},{"Time":"2019-04-02T04:53:14","Situation":"trend","Type":"ask","Price":0.07570000,"Amount":142228.60000000,"Done":false},{"Time":"2019-04-02T04:53:14","Situation":"trend","Type":"ask","Price":0.07600000,"Amount":301236.50000000,"Done":false},{"Time":"2019-04-02T04:53:14","Situation":"trend","Type":"ask","Price":0.07622000,"Amount":356866.00000000,"Done":false},{"Time":"2019-04-02T04:54:45","Situation":"trend","Type":"ask","Price":0.07499000,"Amount":161853.40000000,"Done":false},{"Time":"2019-04-02T04:54:45","Situation":"trend","Type":"ask","Price":0.07500000,"Amount":319635.00000000,"Done":false},{"Time":"2019-04-02T04:54:45","Situation":"trend","Type":"ask","Price":0.07533000,"Amount":186850.60000000,"Done":false}