{"OrderBookAsks":[{"Time":"2019-04-16T04:54:18","Situation":"flat","Type":"ask","Price":0.02680000,"Amount":4545729.20000000,"Done":false}],"OrderBookBids":[{"Time":"2019-04-16T01:19:00","Situation":"flat","Type":"bid","Price":0.02632000,"Amount":4529512.00000000,"Done":false},{"Time":"2019-04-16T01:27:55","Situation":"trend","Type":"bid","Price":0.02632000,"Amount":4529512.00000000,"Done":true}],"TradeHistory":[{"Time":"2019-04-16T01:14:00","Situation":"flat","Id":"9270691","Type":"market","Side":"sell","OrderTime":"2019-04-16T01:13:40","Price":0.02634000,"Amount":500000.00000000},{"Time":"2019-04-16T01:24:00","Situation":"flat","Id":"9270784","Type":"market","Side":"sell","OrderTime":"2019-04-16T01:22:55","Price":0.02632000,"Amount":764450.60000000},{"Time":"2019-04-16T01:53:05","Situation":"flat","Id":"9271170","Type":"market","Side":"buy","OrderTime":"2019-04-16T01:48:35","Price":0.02647000,"Amount":314290.90000000},{"Time":"2019-04-16T01:53:05","Situation":"flat","Id":"9271171","Type":"market","Side":"buy","OrderTime":"2019-04-16T01:48:35","Price":0.02648000,"Amount":311446.90000000},{"Time":"2019-04-16T03:03:28","Situation":"flat","Id":"9271959","Type":"market","Side":"sell","OrderTime":"2019-04-16T02:58:41","Price":0.02628000,"Amount":637109.00000000},{"Time":"2019-04-16T03:08:31","Situation":"flat","Id":"9272012","Type":"market","Side":"sell","OrderTime":"2019-04-16T03:07:19","Price":0.02631000,"Amount":308250.60000000},{"Time":"2019-04-16T03:13:33","Situation":"flat","Id":"9272032","Type":"market","Side":"sell","OrderTime":"2019-04-16T03:09:10","Price":0.02628000,"Amount":327423.80000000},{"Time":"2019-04-16T03:43:45","Situation":"flat","Id":"9272298","Type":"market","Side":"buy","OrderTime":"2019-04-16T03:41:14","Price":0.02640000,"Amount":334407.00000000},{"Time":"2019-04-16T07:47:20","Situation":"flat","Id":"9274532","Type":"market","Side":"sell","OrderTime":"2019-04-16T07:47:05","Price":0.02630000,"Amount":394762.00000000},{"Time":"2019-04-16T09:07:50","Situation":"flat","Id":"9275193","Type":"market","Side":"sell","OrderTime":"2019-04-16T09:04:19","Price":0.02642000,"Amount":1000000.00000000}],"TradeDelta":[{"TimeFrom":"2019-04-16T00:00:05","TimeTo":"2019-04-16T00:05:06","Situation":"flat","Value":0.00000000},{"TimeFrom":"2019-04-16T00:05:06","TimeTo":"2019-04-16T00:10:06","Situation":"flat","Value":0.00000000},{"TimeFrom":"2019-04-16T00:10:06","TimeTo":"2019-04-16T00:15:10","Situation":"flat","Value":0.00000000},{"TimeFrom":"2019-04-16T00:15:10","TimeTo":"2019-04-16T00:20:10","Situation":"flat","Value":0.00000000},{"TimeFrom":"2019-04-16T00:20:10","TimeTo":"2019-04-16T00:25:13","Situation":"flat","Value":0.00000000},{"TimeFrom":"2019-04-16T00:25:13","TimeTo":"2019-04-16T00:28:43","Situation":"trend","Value":0.00000000},{"TimeFrom":"2019-04-16T00:28:43","TimeTo":"2019-04-16T00:33:46","Situation":"flat","Value":0.00000000},{"TimeFrom":"2019-04-16T00:33:46","TimeTo":"2019-04-16T00:38:46","Situation":"flat","Value":0.00000000},{"TimeFrom":"2019-04-16T00:38:46","TimeTo":"2019-04-16T00:43:48","Situation":"flat","Value":0.00000000},{"TimeFrom":"2019-04-16T00:43:48","TimeTo":"2019-04-16T00:48:49","Situation":"flat","Value":0.00000000},{"TimeFrom":"2019-04-16T00:48:49","TimeTo":"2019-04-16T00:53:51","Situation":"flat","Value":0.00000000},{"TimeFrom":"2019-04-16T00:53:51","TimeTo":"2019-04-16T00:58:55","Situation":"flat","Value":0.00000000},{"TimeFrom":"2019-04-16T00:58:55","TimeTo":"2019-04-16T01:03:57","Situation":"flat","Value":0.00000000},{"TimeFrom":"2019-04-16T01:03:57","TimeTo":"2019-04-16T01:09:00","Situation":"flat","Value":0.00000000},{"TimeFrom":"2019-04-16T01:09:00","TimeTo":"2019-04-16T01:14:00","Situation":"flat","Value":-500000.00000000},{"TimeFrom":"2019-04-16T01:14:00","TimeTo":"2019-04-16T01:19:00","Situation":"flat","Value":0.00000000},{"TimeFrom":"2019-04-16T01:19:00","TimeTo":"2019-04-16T01:24:00","Situation":"flat","Value":-764450.60000000},{"TimeFrom":"2019-04-16T01:24:00","TimeTo":"2019-04-16T01:27:55","Situation":"trend","Value":0.00000000},{"TimeFrom":"2019-04-16T01:27:55","TimeTo":"2019-04-16T01:32:57","Situation":"flat","Value":0.00000000},{"TimeFrom":"2019-04-16T01:32:57","TimeTo":"2019-04-16T01:38:00","Situation":"flat","Value":0.00000000},{"TimeFrom":"2019-04-16T01:38:00","TimeTo":"2019-04-16T01:43:05","Situation":"flat","Value":0.00000000},{"TimeFrom":"2019-04-16T01:43:05","TimeTo":"2019-04-16T01:48:05","Situation":"flat","Value":0.00000000},{"TimeFrom":"2019-04-16T01:48:05","TimeTo":"2019-04-16T01:53:05","Situation":"flat","Value":625737.80000000},{"TimeFrom":"2019-04-16T01:53:05","TimeTo":"2019-04-16T01:58:05","Situation":"flat","Value":0.00000000},{"TimeFrom":"2019-04-16T01:58:05","TimeTo":"2019-04-16T02:03:06","Situation":"flat","Value":0.00000000},{"TimeFrom":"2019-04-16T02:03:06","TimeTo":"2019-04-16T02:08:06","Situation":"flat","Value":0.00000000},{"TimeFrom":"2019-04-16T02:08:06","TimeTo":"2019-04-16T02:13:06","Situation":"flat","Value":0.00000000},{"TimeFrom":"2019-04-16T02:13:06","TimeTo":"2019-04-16T02:18:06","Situation":"flat","Value":0.00000000},{"TimeFrom":"2019-04-16T02:18:06","TimeTo":"2019-04-16T02:23:07","Situation":"flat","Value":0.00000000},{"TimeFrom":"2019-04-16T02:23:07","TimeTo":"2019-04-16T02:28:10","Situation":"flat","Value":0.00000000},{"TimeFrom":"2019-04-16T02:28:10","TimeTo":"2019-04-16T02:33:11","Situation":"flat","Value":0.00000000},{"TimeFrom":"2019-04-16T02:33:11","TimeTo":"2019-04-16T02:38:13","Situation":"flat","Value":0.00000000},{"TimeFrom":"2019-04-16T02:38:13","TimeTo":"2019-04-16T02:43:15","Situation":"flat","Value":0.00000000},{"TimeFrom":"2019-04-16T02:43:15","TimeTo":"2019-04-16T02:48:18","Situation":"flat","Value":0.00000000},{"TimeFrom":"2019-04-16T02:48:18","TimeTo":"2019-04-16T02:53:21","Situation":"flat","Value":0.00000000},{"TimeFrom":"2019-04-16T02:53:21","TimeTo":"2019-04-16T02:58:24","Situation":"flat","Value":0.00000000},{"TimeFrom":"2019-04-16T02:58:24","TimeTo":"2019-04-16T03:03:28","Situation":"flat","Value":-637109.00000000},{"TimeFrom":"2019-04-16T03:03:28","TimeTo":"2019-04-16T03:08:31","Situation":"flat","Value":-308250.60000000},{"TimeFrom":"2019-04-16T03:08:31","TimeTo":"2019-04-16T03:13:33","Situation":"flat","Value":-327423.80000000},{"TimeFrom":"2019-04-16T03:13:33","TimeTo":"2019-04-16T03:18:36","Situation":"flat","Value":0.00000000},{"TimeFrom":"2019-04-16T03:18:36","TimeTo":"2019-04-16T03:23:37","Situation":"flat","Value":0.00000000},{"TimeFrom":"2019-04-16T03:23:37","TimeTo":"2019-04-16T03:28:37","Situation":"flat","Value":0.00000000},{"TimeFrom":"2019-04-16T03:28:37","TimeTo":"2019-04-16T03:33:39","Situation":"flat","Value":0.00000000},{"TimeFrom":"2019-04-16T03:33:39","TimeTo":"2019-04-16T03:38:43","Situation":"flat","Value":0.00000000},{"TimeFrom":"2019-04-16T03:38:43","TimeTo":"2019-04-16T03:43:45","Situation":"flat","Value":334407.00000000},{"TimeFrom":"2019-04-16T03:43:45","TimeTo":"2019-04-16T03:48:46","Situation":"flat","Value":0.00000000},{"TimeFrom":"2019-04-16T03:48:46","TimeTo":"2019-04-16T03:53:48","Situation":"flat","Value":0.00000000},{"TimeFrom":"2019-04-16T03:53:48","TimeTo":"2019-04-16T03:58:52","Situation":"flat","Value":0.00000000},{"TimeFrom":"2019-04-16T03:58:52","TimeTo":"2019-04-16T04:03:56","Situation":"flat","Value":0.00000000},{"TimeFrom":"2019-04-16T04:03:56","TimeTo":"2019-04-16T04:08:56","Situation":"flat","Value":0.00000000},{"TimeFrom":"2019-04-16T04:08:56","TimeTo":"2019-04-16T04:13:58","Situation":"flat","Value":0.00000000},{"TimeFrom":"2019-04-16T04:13:58","TimeTo":"2019-04-16T04:19:05","Situation":"flat","Value":0.00000000},{"TimeFrom":"2019-04-16T04:19:05","TimeTo":"2019-04-16T04:24:06","Situation":"flat","Value":0.00000000},{"TimeFrom":"2019-04-16T04:24:06","TimeTo":"2019-04-16T04:29:09","Situation":"flat","Value":0.00000000},{"TimeFrom":"2019-04-16T04:29:09","TimeTo":"2019-04-16T04:34:11","Situation":"flat","Value":0.00000000},{"TimeFrom":"2019-04-16T04:34:11","TimeTo":"2019-04-16T04:39:13","Situation":"flat","Value":0.00000000},{"TimeFrom":"2019-04-16T04:39:13","TimeTo":"2019-04-16T04:44:13","Situation":"flat","Value":0.00000000},{"TimeFrom":"2019-04-16T04:44:13","TimeTo":"2019-04-16T04:49:14","Situation":"flat","Value":0.00000000},{"TimeFrom":"2019-04-16T04:49:14","TimeTo":"2019-04-16T04:54:18","Situation":"flat","Value":0.00000000},{"TimeFrom":"2019-04-16T04:54:18","TimeTo":"2019-04-16T04:59:19","Situation":"flat","Value":0.00000000},{"TimeFrom":"2019-04-16T04:59:19","TimeTo":"2019-04-16T05:04:20","Situation":"flat","Value":0.00000000},{"TimeFrom":"2019-04-16T05:04:20","TimeTo":"2019-04-16T05:09:24","Situation":"flat","Value":0.00000000},{"TimeFrom":"2019-04-16T05:09:24","TimeTo":"2019-04-16T05:14:25","Situation":"flat","Value":0.00000000},{"TimeFrom":"2019-04-16T05:14:25","TimeTo":"2019-04-16T05:19:26","Situation":"flat","Value":0.00000000},{"TimeFrom":"2019-04-16T05:19:26","TimeTo":"2019-04-16T05:24:29","Situation":"flat","Value":0.00000000},{"TimeFrom":"2019-04-16T05:24:29","TimeTo":"2019-04-16T05:28:30","Situation":"trend","Value":0.00000000},{"TimeFrom":"2019-04-16T05:28:30","TimeTo":"2019-04-16T05:33:32","Situation":"flat","Value":0.00000000},{"TimeFrom":"2019-04-16T05:33:32","TimeTo":"2019-04-16T05:38:35","Situation":"flat","Value":0.00000000},{"TimeFrom":"2019-04-16T05:38:35","TimeTo":"2019-04-16T05:43:38","Situation":"flat","Value":0.00000000},{"TimeFrom":"2019-04-16T05:43:38","TimeTo":"2019-04-16T05:48:40","Situation":"flat","Value":0.00000000},{"TimeFrom":"2019-04-16T05:48:40","TimeTo":"2019-04-16T05:53:43","Situation":"flat","Value":0.00000000},{"TimeFrom":"2019-04-16T05:53:43","TimeTo":"2019-04-16T05:58:44","Situation":"flat","Value":0.00000000},{"TimeFrom":"2019-04-16T05:58:44","TimeTo":"2019-04-16T06:03:46","Situation":"flat","Value":0.00000000},{"TimeFrom":"2019-04-16T06:03:46","TimeTo":"2019-04-16T06:08:50","Situation":"flat","Value":0.00000000},{"TimeFrom":"2019-04-16T06:08:50","TimeTo":"2019-04-16T06:13:50","Situation":"flat","Value":0.00000000},{"TimeFrom":"2019-04-16T06:13:50","TimeTo":"2019-04-16T06:18:54","Situation":"flat","Value":0.00000000},{"TimeFrom":"2019-04-16T06:18:54","TimeTo":"2019-04-16T06:23:54","Situation":"flat","Value":0.00000000},{"TimeFrom":"2019-04-16T06:23:54","TimeTo":"2019-04-16T06:28:55","Situation":"flat","Value":0.00000000},{"TimeFrom":"2019-04-16T06:28:55","TimeTo":"2019-04-16T06:33:58","Situation":"flat","Value":0.00000000},{"TimeFrom":"2019-04-16T06:33:58","TimeTo":"2019-04-16T06:39:00","Situation":"flat","Value":0.00000000},{"TimeFrom":"2019-04-16T06:39:00","TimeTo":"2019-04-16T06:44:06","Situation":"flat","Value":0.00000000},{"TimeFrom":"2019-04-16T06:44:06","TimeTo":"2019-04-16T06:49:07","Situation":"flat","Value":0.00000000},{"TimeFrom":"2019-04-16T06:49:07","TimeTo":"2019-04-16T06:54:08","Situation":"flat","Value":0.00000000},{"TimeFrom":"2019-04-16T06:54:08","TimeTo":"2019-04-16T06:59:11","Situation":"flat","Value":0.00000000},{"TimeFrom":"2019-04-16T06:59:11","TimeTo":"2019-04-16T07:04:14","Situation":"flat","Value":0.00000000},{"TimeFrom":"2019-04-16T07:04:14","TimeTo":"2019-04-16T07:09:17","Situation":"flat","Value":0.00000000},{"TimeFrom":"2019-04-16T07:09:17","TimeTo":"2019-04-16T07:14:19","Situation":"flat","Value":0.00000000},{"TimeFrom":"2019-04-16T07:14:19","TimeTo":"2019-04-16T07:17:10","Situation":"trend","Value":0.00000000},{"TimeFrom":"2019-04-16T07:17:10","TimeTo":"2019-04-16T07:22:13","Situation":"flat","Value":0.00000000},{"TimeFrom":"2019-04-16T07:22:13","TimeTo":"2019-04-16T07:27:15","Situation":"flat","Value":0.00000000},{"TimeFrom":"2019-04-16T07:27:15","TimeTo":"2019-04-16T07:32:18","Situation":"flat","Value":0.00000000},{"TimeFrom":"2019-04-16T07:32:18","TimeTo":"2019-04-16T07:37:18","Situation":"flat","Value":0.00000000},{"TimeFrom":"2019-04-16T07:37:18","TimeTo":"2019-04-16T07:42:19","Situation":"flat","Value":0.00000000},{"TimeFrom":"2019-04-16T07:42:19","TimeTo":"2019-04-16T07:47:20","Situation":"flat","Value":-394762.00000000},{"TimeFrom":"2019-04-16T07:47:20","TimeTo":"2019-04-16T07:52:23","Situation":"flat","Value":0.00000000},{"TimeFrom":"2019-04-16T07:52:23","TimeTo":"2019-04-16T07:57:25","Situation":"flat","Value":0.00000000},{"TimeFrom":"2019-04-16T07:57:25","TimeTo":"2019-04-16T08:02:27","Situation":"flat","Value":0.00000000},{"TimeFrom":"2019-04-16T08:02:27","TimeTo":"2019-04-16T08:07:30","Situation":"flat","Value":0.00000000},{"TimeFrom":"2019-04-16T08:07:30","TimeTo":"2019-04-16T08:12:30","Situation":"flat","Value":0.00000000},{"TimeFrom":"2019-04-16T08:12:30","TimeTo":"2019-04-16T08:17:33","Situation":"flat","Value":0.00000000},{"TimeFrom":"2019-04-16T08:17:33","TimeTo":"2019-04-16T08:22:35","Situation":"flat","Value":0.00000000},{"TimeFrom":"2019-04-16T08:22:35","TimeTo":"2019-04-16T08:27:39","Situation":"flat","Value":0.00000000},{"TimeFrom":"2019-04-16T08:27:39","TimeTo":"2019-04-16T08:32:41","Situation":"flat","Value":0.00000000},{"TimeFrom":"2019-04-16T08:32:41","TimeTo":"2019-04-16T08:37:41","Situation":"flat","Value":0.00000000},{"TimeFrom":"2019-04-16T08:37:41","TimeTo":"2019-04-16T08:42:41","Situation":"flat","Value":0.00000000},{"TimeFrom":"2019-04-16T08:42:41","TimeTo":"2019-04-16T08:47:44","Situation":"flat","Value":0.00000000},{"TimeFrom":"2019-04-16T08:47:44","TimeTo":"2019-04-16T08:52:45","Situation":"flat","Value":0.00000000},{"TimeFrom":"2019-04-16T08:52:45","TimeTo":"2019-04-16T08:57:49","Situation":"flat","Value":0.00000000},{"TimeFrom":"2019-04-16T08:57:49","TimeTo":"2019-04-16T09:02:50","Situation":"flat","Value":0.00000000},{"TimeFrom":"2019-04-16T09:02:50","TimeTo":"2019-04-16T09:07:50","Situation":"flat","Value":-1000000.00000000},{"TimeFrom":"2019-04-16T09:07:50","TimeTo":"2019-04-16T09:12:52","Situation":"flat","Value":0.00000000},{"TimeFrom":"2019-04-16T09:12:52","TimeTo":"2019-04-16T09:17:55","Situation":"flat","Value":0.00000000},{"TimeFrom":"2019-04-16T09:17:55","TimeTo":"2019-04-16T09:22:56","Situation":"flat","Value":0.00000000},{"TimeFrom":"2019-04-16T09:22:56","TimeTo":"2019-04-16T09:28:00","Situation":"flat","Value":0.00000000},{"TimeFrom":"2019-04-16T09:28:00","TimeTo":"2019-04-16T09:33:00","Situation":"flat","Value":0.00000000},{"TimeFrom":"2019-04-16T09:33:00","TimeTo":"2019-04-16T09:38:05","Situation":"flat","Value":0.00000000},{"TimeFrom":"2019-04-16T09:38:05","TimeTo":"2019-04-16T09:43:05","Situation":"flat","Value":0.00000000},{"TimeFrom":"2019-04-16T09:43:05","TimeTo":"2019-04-16T09:48:08","Situation":"flat","Value":0.00000000},{"TimeFrom":"2019-04-16T09:48:08","TimeTo":"2019-04-16T09:53:10","Situation":"flat","Value":0.00000000},{"TimeFrom":"2019-04-16T09:53:10","TimeTo":"2019-04-16T09:58:11","Situation":"flat","Value":0.00000000},{"TimeFrom":"2019-04-16T09:58:11","TimeTo":"2019-04-16T10:03:13","Situation":"flat","Value":0.00000000},{"TimeFrom":"2019-04-16T10:03:13","TimeTo":"2019-04-16T10:08:14","Situation":"flat","Value":0.00000000},{"TimeFrom":"2019-04-16T10:08:14","TimeTo":"2019-04-16T10:13:15","Situation":"flat","Value":0.00000000},{"TimeFrom":"2019-04-16T10:13:15","TimeTo":"2019-04-16T10:18:17","Situation":"flat","Value":0.00000000},{"TimeFrom":"2019-04-16T10:18:17","TimeTo":"2019-04-16T10:23:20","Situation":"flat","Value":0.00000000},{"TimeFrom":"2019-04-16T10:23:20","TimeTo":"2019-04-16T10:28:24","Situation":"flat","Value":0.00000000},{"TimeFrom":"2019-04-16T10:28:24","TimeTo":"2019-04-16T10:33:26","Situation":"flat","Value":0.00000000},{"TimeFrom":"2019-04-16T10:33:26","TimeTo":"2019-04-16T10:38:30","Situation":"flat","Value":0.00000000},{"TimeFrom":"2019-04-16T10:38:30","TimeTo":"2019-04-16T10:43:30","Situation":"flat","Value":0.00000000},{"TimeFrom":"2019-04-16T10:43:30","TimeTo":"2019-04-16T10:48:30","Situation":"flat","Value":0.00000000},{"TimeFrom":"2019-04-16T10:48:30","TimeTo":"2019-04-16T10:53:31","Situation":"flat","Value":0.00000000},{"TimeFrom":"2019-04-16T10:53:31","TimeTo":"2019-04-16T10:58:33","Situation":"flat","Value":0.00000000},{"TimeFrom":"2019-04-16T10:58:33","TimeTo":"2019-04-16T11:03:36","Situation":"flat","Value":0.00000000},{"TimeFrom":"2019-04-16T11:03:36","TimeTo":"2019-04-16T11:07:33","Situation":"trend","Value":0.00000000},{"TimeFrom":"2019-04-16T11:07:33","TimeTo":"2019-04-16T11:12:36","Situation":"flat","Value":0.00000000},{"TimeFrom":"2019-04-16T11:12:36","TimeTo":"2019-04-16T11:17:39","Situation":"flat","Value":0.00000000},{"TimeFrom":"2019-04-16T11:17:39","TimeTo":"2019-04-16T11:22:40","Situation":"flat","Value":0.00000000},{"TimeFrom":"2019-04-16T11:22:40","TimeTo":"2019-04-16T11:27:43","Situation":"flat","Value":0.00000000},{"TimeFrom":"2019-04-16T11:27:43","TimeTo":"2019-04-16T11:32:45","Situation":"flat","Value":0.00000000},{"TimeFrom":"2019-04-16T11:32:45","TimeTo":"2019-04-16T11:37:49","Situation":"flat","Value":0.00000000},{"TimeFrom":"2019-04-16T11:37:49","TimeTo":"2019-04-16T11:42:50","Situation":"flat","Value":0.00000000},{"TimeFrom":"2019-04-16T11:42:50","TimeTo":"2019-04-16T11:47:50","Situation":"flat","Value":0.00000000},{"TimeFrom":"2019-04-16T11:47:50","TimeTo":"2019-04-16T11:52:53","Situation":"flat","Value":0.00000000},{"TimeFrom":"2019-04-16T11:52:53","TimeTo":"2019-04-16T11:57:56","Situation":"flat","Value":0.00000000},{"TimeFrom":"2019-04-16T11:57:56","TimeTo":"2019-04-16T12:02:58","Situation":"flat","Value":0.00000000},{"TimeFrom":"2019-04-16T12:02:58","TimeTo":"2019-04-16T12:07:58","Situation":"flat","Value":0.00000000},{"TimeFrom":"2019-04-16T12:07:58","TimeTo":"2019-04-16T12:13:00","Situation":"flat","Value":0.00000000},{"TimeFrom":"2019-04-16T12:13:00","TimeTo":"2019-04-16T12:18:05","Situation":"flat","Value":0.00000000},{"TimeFrom":"2019-04-16T12:18:05","TimeTo":"2019-04-16T12:23:05","Situation":"flat","Value":0.00000000},{"TimeFrom":"2019-04-16T12:23:05","TimeTo":"2019-04-16T12:28:06","Situation":"flat","Value":0.00000000},{"TimeFrom":"2019-04-16T12:28:06","TimeTo":"2019-04-16T12:30:04","Situation":"trend","Value":0.00000000},{"TimeFrom":"2019-04-16T12:30:04","TimeTo":"2019-04-16T12:35:05","Situation":"flat","Value":0.00000000},{"TimeFrom":"2019-04-16T12:35:05","TimeTo":"2019-04-16T12:40:10","Situation":"flat","Value":0.00000000},{"TimeFrom":"2019-04-16T12:40:10","TimeTo":"2019-04-16T12:45:10","Situation":"flat","Value":0.00000000},{"TimeFrom":"2019-04-16T12:45:10","TimeTo":"2019-04-16T12:50:13","Situation":"flat","Value":0.00000000},{"TimeFrom":"2019-04-16T12:50:13","TimeTo":"2019-04-16T12:55:15","Situation":"flat","Value":0.00000000},{"TimeFrom":"2019-04-16T12:55:15","TimeTo":"2019-04-16T13:00:18","Situation":"flat","Value":0.00000000}]}
