{"OrderBookAsks":[{"Time":"2019-04-16T07:11:10","Situation":"flat","Type":"ask","Price":80.00000000,"Amount":1805.06823000,"Done":false},{"Time":"2019-04-16T07:16:13","Situation":"flat","Type":"ask","Price":80.00000000,"Amount":1805.06823000,"Done":false},{"Time":"2019-04-16T07:21:16","Situation":"flat","Type":"ask","Price":80.00000000,"Amount":1805.06823000,"Done":false},{"Time":"2019-04-16T07:26:19","Situation":"flat","Type":"ask","Price":80.00000000,"Amount":1805.06823000,"Done":false},{"Time":"2019-04-16T07:31:21","Situation":"flat","Type":"ask","Price":80.00000000,"Amount":1805.06823000,"Done":false},{"Time":"2019-04-16T07:36:21","Situation":"flat","Type":"ask","Price":80.00000000,"Amount":1805.06823000,"Done":false},{"Time":"2019-04-16T07:41:23","Situation":"flat","Type":"ask","Price":80.00000000,"Amount":1805.06823000,"Done":false},{"Time":"2019-04-16T07:46:23","Situation":"flat","Type":"ask","Price":80.00000000,"Amount":1905.06823000,"Done":false},{"Time":"2019-04-16T07:51:27","Situation":"flat","Type":"ask","Price":80.00000000,"Amount":1922.13473000,"Done":false},{"Time":"2019-04-16T07:56:30","Situation":"flat","Type":"ask","Price":80.00000000,"Amount":1922.13473000,"Done":false},{"Time":"2019-04-16T08:01:30","Situation":"flat","Type":"ask","Price":80.00000000,"Amount":1922.13473000,"Done":false},{"Time":"2019-04-16T08:06:33","Situation":"flat","Type":"ask","Price":80.00000000,"Amount":1922.13473000,"Done":false},{"Time":"2019-04-16T08:11:33","Situation":"flat","Type":"ask","Price":80.00000000,"Amount":1922.13473000,"Done":false},{"Time":"2019-04-16T08:16:37","Situation":"flat","Type":"ask","Price":80.00000000,"Amount":1922.13473000,"Done":false},{"Time":"2019-04-16T08:21:38","Situation":"flat","Type":"ask","Price":80.00000000,"Amount":1922.13473000,"Done":false},{"Time":"2019-04-16T08:26:42","Situation":"flat","Type":"ask","Price":80.00000000,"Amount":1929.01360000,"Done":false},{"Time":"2019-04-16T08:31:44","Situation":"flat","Type":"ask","Price":80.00000000,"Amount":1929.01360000,"Done":false},{"Time":"2019-04-16T08:32:55","Situation":"trend","Type":"ask","Price":80.00000000,"Amount":1929.01360000,"Done":false},{"Time":"2019-04-16T08:35:00","Situation":"trend","Type":"ask","Price":80.00000000,"Amount":1934.34164000,"Done":false},{"Time":"2019-04-16T08:37:50","Situation":"trend","Type":"ask","Price":80.00000000,"Amount":1954.25668000,"Done":false},{"Time":"2019-04-16T08:39:56","Situation":"trend","Type":"ask","Price":80.00000000,"Amount":1954.25802000,"Done":false},{"Time":"2019-04-16T08:43:08","Situation":"trend","Type":"ask","Price":80.00000000,"Amount":1938.47795000,"Done":false},{"Time":"2019-04-16T08:45:25","Situation":"trend","Type":"ask","Price":80.00000000,"Amount":1975.94740000,"Done":false}],"OrderBookBids":[{"Time":"2019-04-16T10:36:06","Situation":"flat","Type":"bid","Price":77.00000000,"Amount":1974.08194000,"Done":false},{"Time":"2019-04-16T10:41:06","Situation":"flat","Type":"bid","Price":77.78000000,"Amount":1842.11952000,"Done":false},{"Time":"2019-04-16T10:45:40","Situation":"trend","Type":"bid","Price":77.00000000,"Amount":1974.08194000,"Done":true},{"Time":"2019-04-16T10:55:43","Situation":"flat","Type":"bid","Price":77.78000000,"Amount":1760.14142000,"Done":false}],"TradeHistory":[{"Time":"2019-04-16T00:00:05","Situation":"trend","Id":"16219079","Type":"market","Side":"sell","OrderTime":"2019-04-16T00:00:05","Price":78.00000000,"Amount":107.57579000},{"Time":"2019-04-16T00:05:06","Situation":"flat","Id":"16219094","Type":"market","Side":"buy","OrderTime":"2019-04-16T00:00:06","Price":78.00000000,"Amount":210.00000000},{"Time":"2019-04-16T00:05:06","Situation":"flat","Id":"16219126","Type":"market","Side":"buy","OrderTime":"2019-04-16T00:01:40","Price":78.01000000,"Amount":115.80964000},{"Time":"2019-04-16T00:29:04","Situation":"trend","Id":"16219654","Type":"market","Side":"sell","OrderTime":"2019-04-16T00:26:15","Price":78.35000000,"Amount":102.61500000},{"Time":"2019-04-16T00:34:00","Situation":"trend","Id":"16219773","Type":"market","Side":"sell","OrderTime":"2019-04-16T00:29:49","Price":78.83000000,"Amount":230.00000000},{"Time":"2019-04-16T00:34:00","Situation":"trend","Id":"16219775","Type":"market","Side":"sell","OrderTime":"2019-04-16T00:29:49","Price":78.83000000,"Amount":130.00000000},{"Time":"2019-04-16T00:54:10","Situation":"flat","Id":"16220202","Type":"market","Side":"sell","OrderTime":"2019-04-16T00:50:25","Price":78.00000000,"Amount":102.44185000},{"Time":"2019-04-16T00:54:10","Situation":"flat","Id":"16220222","Type":"market","Side":"buy","OrderTime":"2019-04-16T00:51:20","Price":78.05000000,"Amount":110.00000000},{"Time":"2019-04-16T00:59:11","Situation":"flat","Id":"16220298","Type":"market","Side":"buy","OrderTime":"2019-04-16T00:55:57","Price":78.30000000,"Amount":176.97890000},{"Time":"2019-04-16T01:32:53","Situation":"flat","Id":"16220881","Type":"market","Side":"sell","OrderTime":"2019-04-16T01:30:40","Price":78.68000000,"Amount":110.00000000},{"Time":"2019-04-16T02:08:10","Situation":"flat","Id":"16221303","Type":"market","Side":"sell","OrderTime":"2019-04-16T02:07:54","Price":78.24000000,"Amount":100.00000000},{"Time":"2019-04-16T02:13:11","Situation":"flat","Id":"16221338","Type":"market","Side":"buy","OrderTime":"2019-04-16T02:11:46","Price":78.22000000,"Amount":310.00000000},{"Time":"2019-04-16T02:18:11","Situation":"flat","Id":"16221415","Type":"market","Side":"buy","OrderTime":"2019-04-16T02:16:09","Price":78.04000000,"Amount":140.00000000},{"Time":"2019-04-16T02:23:14","Situation":"flat","Id":"16221456","Type":"market","Side":"sell","OrderTime":"2019-04-16T02:18:55","Price":78.00000000,"Amount":241.87056000},{"Time":"2019-04-16T02:43:25","Situation":"flat","Id":"16221773","Type":"market","Side":"buy","OrderTime":"2019-04-16T02:39:08","Price":77.59000000,"Amount":170.55430000},{"Time":"2019-04-16T02:43:25","Situation":"flat","Id":"16221830","Type":"market","Side":"sell","OrderTime":"2019-04-16T02:41:46","Price":77.43000000,"Amount":185.00465000},{"Time":"2019-04-16T02:50:09","Situation":"flat","Id":"16222044","Type":"market","Side":"sell","OrderTime":"2019-04-16T02:49:10","Price":77.71000000,"Amount":101.47102000},{"Time":"2019-04-16T02:55:10","Situation":"flat","Id":"16222135","Type":"market","Side":"sell","OrderTime":"2019-04-16T02:52:36","Price":77.44000000,"Amount":118.68671000},{"Time":"2019-04-16T02:55:10","Situation":"flat","Id":"16222196","Type":"market","Side":"sell","OrderTime":"2019-04-16T02:55:00","Price":77.80000000,"Amount":134.53437000},{"Time":"2019-04-16T03:17:32","Situation":"flat","Id":"16222606","Type":"market","Side":"sell","OrderTime":"2019-04-16T03:13:10","Price":78.20000000,"Amount":170.00000000},{"Time":"2019-04-16T03:27:36","Situation":"flat","Id":"16222936","Type":"market","Side":"buy","OrderTime":"2019-04-16T03:26:34","Price":78.43000000,"Amount":129.22895000},{"Time":"2019-04-16T03:37:36","Situation":"flat","Id":"16223052","Type":"market","Side":"sell","OrderTime":"2019-04-16T03:36:46","Price":78.42000000,"Amount":204.14690000},{"Time":"2019-04-16T03:57:46","Situation":"flat","Id":"16223351","Type":"market","Side":"buy","OrderTime":"2019-04-16T03:54:30","Price":78.20000000,"Amount":139.86000000},{"Time":"2019-04-16T04:02:50","Situation":"flat","Id":"16223404","Type":"market","Side":"sell","OrderTime":"2019-04-16T03:58:25","Price":78.08000000,"Amount":160.00000000},{"Time":"2019-04-16T04:07:50","Situation":"flat","Id":"16223581","Type":"market","Side":"buy","OrderTime":"2019-04-16T04:07:25","Price":78.19000000,"Amount":100.00000000},{"Time":"2019-04-16T04:12:51","Situation":"flat","Id":"16223631","Type":"market","Side":"sell","OrderTime":"2019-04-16T04:08:43","Price":78.31000000,"Amount":230.00000000},{"Time":"2019-04-16T04:12:51","Situation":"flat","Id":"16223688","Type":"market","Side":"sell","OrderTime":"2019-04-16T04:12:26","Price":78.37000000,"Amount":190.00000000},{"Time":"2019-04-16T04:32:57","Situation":"flat","Id":"16223874","Type":"market","Side":"buy","OrderTime":"2019-04-16T04:29:01","Price":78.33000000,"Amount":150.73100000},{"Time":"2019-04-16T04:32:57","Situation":"flat","Id":"16223878","Type":"market","Side":"buy","OrderTime":"2019-04-16T04:29:03","Price":78.34000000,"Amount":117.51737000},{"Time":"2019-04-16T04:32:57","Situation":"flat","Id":"16223976","Type":"market","Side":"sell","OrderTime":"2019-04-16T04:31:54","Price":78.21000000,"Amount":169.52300000},{"Time":"2019-04-16T04:38:00","Situation":"flat","Id":"16224036","Type":"market","Side":"sell","OrderTime":"2019-04-16T04:34:16","Price":78.40000000,"Amount":100.00000000},{"Time":"2019-04-16T04:38:00","Situation":"flat","Id":"16224038","Type":"market","Side":"sell","OrderTime":"2019-04-16T04:34:17","Price":78.38000000,"Amount":310.00000000},{"Time":"2019-04-16T04:48:03","Situation":"flat","Id":"16224224","Type":"market","Side":"buy","OrderTime":"2019-04-16T04:43:20","Price":78.44000000,"Amount":125.02800000},{"Time":"2019-04-16T04:48:03","Situation":"flat","Id":"16224267","Type":"market","Side":"buy","OrderTime":"2019-04-16T04:43:57","Price":78.55000000,"Amount":332.10248000},{"Time":"2019-04-16T04:48:03","Situation":"flat","Id":"16224268","Type":"market","Side":"sell","OrderTime":"2019-04-16T04:43:57","Price":78.55000000,"Amount":123.19932000},{"Time":"2019-04-16T04:48:03","Situation":"flat","Id":"16224353","Type":"market","Side":"sell","OrderTime":"2019-04-16T04:48:02","Price":78.35000000,"Amount":128.99065000},{"Time":"2019-04-16T04:48:03","Situation":"flat","Id":"16224355","Type":"market","Side":"buy","OrderTime":"2019-04-16T04:48:02","Price":78.35000000,"Amount":226.65864000},{"Time":"2019-04-16T04:48:03","Situation":"flat","Id":"16224359","Type":"market","Side":"buy","OrderTime":"2019-04-16T04:48:02","Price":78.35000000,"Amount":1120.00000000},{"Time":"2019-04-16T04:48:03","Situation":"flat","Id":"16224362","Type":"market","Side":"buy","OrderTime":"2019-04-16T04:48:02","Price":78.35000000,"Amount":227.38710000},{"Time":"2019-04-16T04:48:03","Situation":"flat","Id":"16224363","Type":"market","Side":"buy","OrderTime":"2019-04-16T04:48:02","Price":78.35000000,"Amount":539.65597000},{"Time":"2019-04-16T04:48:03","Situation":"flat","Id":"16224366","Type":"market","Side":"buy","OrderTime":"2019-04-16T04:48:02","Price":78.35000000,"Amount":167.26300000},{"Time":"2019-04-16T04:53:06","Situation":"flat","Id":"16224423","Type":"market","Side":"buy","OrderTime":"2019-04-16T04:49:53","Price":78.35000000,"Amount":250.00000000},{"Time":"2019-04-16T05:07:34","Situation":"trend","Id":"16224825","Type":"market","Side":"buy","OrderTime":"2019-04-16T05:04:30","Price":77.63000000,"Amount":190.00000000},{"Time":"2019-04-16T05:07:34","Situation":"trend","Id":"16224826","Type":"market","Side":"buy","OrderTime":"2019-04-16T05:04:31","Price":77.63000000,"Amount":109.47400000},{"Time":"2019-04-16T05:07:34","Situation":"trend","Id":"16224855","Type":"market","Side":"buy","OrderTime":"2019-04-16T05:04:52","Price":77.86000000,"Amount":122.90776000},{"Time":"2019-04-16T05:24:55","Situation":"trend","Id":"16225163","Type":"market","Side":"buy","OrderTime":"2019-04-16T05:24:30","Price":78.04000000,"Amount":150.00000000},{"Time":"2019-04-16T05:37:08","Situation":"flat","Id":"16225658","Type":"market","Side":"sell","OrderTime":"2019-04-16T05:33:33","Price":78.42000000,"Amount":120.00000000},{"Time":"2019-04-16T05:37:08","Situation":"flat","Id":"16225661","Type":"market","Side":"sell","OrderTime":"2019-04-16T05:33:34","Price":78.43000000,"Amount":340.00000000},{"Time":"2019-04-16T05:37:08","Situation":"flat","Id":"16225699","Type":"market","Side":"sell","OrderTime":"2019-04-16T05:34:58","Price":78.53000000,"Amount":130.00000000},{"Time":"2019-04-16T05:37:08","Situation":"flat","Id":"16225709","Type":"market","Side":"sell","OrderTime":"2019-04-16T05:35:50","Price":78.50000000,"Amount":101.16406000},{"Time":"2019-04-16T05:37:08","Situation":"flat","Id":"16225714","Type":"market","Side":"sell","OrderTime":"2019-04-16T05:35:55","Price":78.46000000,"Amount":181.12974000},{"Time":"2019-04-16T05:50:35","Situation":"flat","Id":"16226055","Type":"market","Side":"sell","OrderTime":"2019-04-16T05:47:44","Price":78.22000000,"Amount":110.00000000},{"Time":"2019-04-16T05:50:35","Situation":"flat","Id":"16226098","Type":"market","Side":"buy","OrderTime":"2019-04-16T05:49:52","Price":78.24000000,"Amount":121.68051000},{"Time":"2019-04-16T05:55:35","Situation":"flat","Id":"16226148","Type":"market","Side":"sell","OrderTime":"2019-04-16T05:53:12","Price":78.20000000,"Amount":149.99998000},{"Time":"2019-04-16T05:55:35","Situation":"flat","Id":"16226189","Type":"market","Side":"sell","OrderTime":"2019-04-16T05:55:00","Price":77.99000000,"Amount":180.75632000},{"Time":"2019-04-16T06:00:38","Situation":"flat","Id":"16226214","Type":"market","Side":"buy","OrderTime":"2019-04-16T05:56:06","Price":78.18000000,"Amount":249.85600000},{"Time":"2019-04-16T06:00:38","Situation":"flat","Id":"16226215","Type":"market","Side":"buy","OrderTime":"2019-04-16T05:56:06","Price":78.18000000,"Amount":165.31305000},{"Time":"2019-04-16T06:00:38","Situation":"flat","Id":"16226219","Type":"market","Side":"buy","OrderTime":"2019-04-16T05:56:07","Price":78.18000000,"Amount":110.00000000},{"Time":"2019-04-16T06:00:38","Situation":"flat","Id":"16226276","Type":"market","Side":"sell","OrderTime":"2019-04-16T06:00:09","Price":78.32000000,"Amount":147.87340000},{"Time":"2019-04-16T06:10:41","Situation":"flat","Id":"16226406","Type":"market","Side":"buy","OrderTime":"2019-04-16T06:07:39","Price":78.15000000,"Amount":140.12300000},{"Time":"2019-04-16T06:10:41","Situation":"flat","Id":"16226407","Type":"market","Side":"buy","OrderTime":"2019-04-16T06:07:39","Price":78.15000000,"Amount":140.00000000},{"Time":"2019-04-16T06:30:52","Situation":"flat","Id":"16226570","Type":"market","Side":"sell","OrderTime":"2019-04-16T06:28:10","Price":78.23000000,"Amount":159.68000000},{"Time":"2019-04-16T06:30:52","Situation":"flat","Id":"16226571","Type":"market","Side":"sell","OrderTime":"2019-04-16T06:28:10","Price":78.23000000,"Amount":218.51668000},{"Time":"2019-04-16T06:30:52","Situation":"flat","Id":"16226582","Type":"market","Side":"sell","OrderTime":"2019-04-16T06:28:18","Price":78.22000000,"Amount":250.00000000},{"Time":"2019-04-16T06:35:55","Situation":"flat","Id":"16226646","Type":"market","Side":"sell","OrderTime":"2019-04-16T06:35:19","Price":78.33000000,"Amount":465.10001000},{"Time":"2019-04-16T08:16:37","Situation":"flat","Id":"16228079","Type":"market","Side":"sell","OrderTime":"2019-04-16T08:16:15","Price":78.47000000,"Amount":130.00000000},{"Time":"2019-04-16T08:31:44","Situation":"flat","Id":"16228361","Type":"market","Side":"sell","OrderTime":"2019-04-16T08:28:08","Price":78.60000000,"Amount":210.00000000},{"Time":"2019-04-16T08:39:56","Situation":"trend","Id":"16229241","Type":"market","Side":"buy","OrderTime":"2019-04-16T08:37:56","Price":79.90000000,"Amount":120.00000000},{"Time":"2019-04-16T08:39:56","Situation":"trend","Id":"16229242","Type":"market","Side":"buy","OrderTime":"2019-04-16T08:37:56","Price":79.90000000,"Amount":315.56464000},{"Time":"2019-04-16T08:39:56","Situation":"trend","Id":"16229269","Type":"market","Side":"sell","OrderTime":"2019-04-16T08:38:09","Price":79.72000000,"Amount":122.82900000},{"Time":"2019-04-16T08:50:26","Situation":"flat","Id":"16229647","Type":"market","Side":"buy","OrderTime":"2019-04-16T08:48:01","Price":79.70000000,"Amount":140.00000000},{"Time":"2019-04-16T08:50:26","Situation":"flat","Id":"16229700","Type":"market","Side":"sell","OrderTime":"2019-04-16T08:49:18","Price":79.61000000,"Amount":270.00000000},{"Time":"2019-04-16T08:55:30","Situation":"flat","Id":"16229843","Type":"market","Side":"buy","OrderTime":"2019-04-16T08:53:18","Price":79.31000000,"Amount":185.65276000},{"Time":"2019-04-16T08:55:30","Situation":"flat","Id":"16229844","Type":"market","Side":"buy","OrderTime":"2019-04-16T08:53:18","Price":79.31000000,"Amount":360.00000000},{"Time":"2019-04-16T08:55:30","Situation":"flat","Id":"16229847","Type":"market","Side":"buy","OrderTime":"2019-04-16T08:53:18","Price":79.31000000,"Amount":380.00000000},{"Time":"2019-04-16T08:55:30","Situation":"flat","Id":"16229849","Type":"market","Side":"buy","OrderTime":"2019-04-16T08:53:18","Price":79.31000000,"Amount":125.93605000},{"Time":"2019-04-16T09:00:32","Situation":"flat","Id":"16229925","Type":"market","Side":"buy","OrderTime":"2019-04-16T08:58:07","Price":79.37000000,"Amount":165.87733000},{"Time":"2019-04-16T09:00:32","Situation":"flat","Id":"16230009","Type":"market","Side":"buy","OrderTime":"2019-04-16T08:59:21","Price":79.19000000,"Amount":143.65170000},{"Time":"2019-04-16T09:00:32","Situation":"flat","Id":"16230042","Type":"market","Side":"sell","OrderTime":"2019-04-16T08:59:24","Price":79.18000000,"Amount":130.94004000},{"Time":"2019-04-16T09:00:32","Situation":"flat","Id":"16230112","Type":"market","Side":"sell","OrderTime":"2019-04-16T08:59:40","Price":79.11000000,"Amount":113.89304000},{"Time":"2019-04-16T09:05:35","Situation":"flat","Id":"16230269","Type":"market","Side":"sell","OrderTime":"2019-04-16T09:03:49","Price":79.42000000,"Amount":120.09140000},{"Time":"2019-04-16T09:10:36","Situation":"flat","Id":"16230346","Type":"market","Side":"sell","OrderTime":"2019-04-16T09:07:33","Price":79.33000000,"Amount":160.00000000},{"Time":"2019-04-16T09:10:36","Situation":"flat","Id":"16230351","Type":"market","Side":"sell","OrderTime":"2019-04-16T09:07:33","Price":79.33000000,"Amount":157.27040000},{"Time":"2019-04-16T09:10:36","Situation":"flat","Id":"16230357","Type":"market","Side":"sell","OrderTime":"2019-04-16T09:07:34","Price":79.33000000,"Amount":250.00000000},{"Time":"2019-04-16T09:10:36","Situation":"flat","Id":"16230358","Type":"market","Side":"sell","OrderTime":"2019-04-16T09:07:34","Price":79.33000000,"Amount":652.32222000},{"Time":"2019-04-16T09:15:38","Situation":"flat","Id":"16230379","Type":"market","Side":"buy","OrderTime":"2019-04-16T09:11:30","Price":79.30000000,"Amount":110.00000000},{"Time":"2019-04-16T09:25:46","Situation":"flat","Id":"16230685","Type":"market","Side":"sell","OrderTime":"2019-04-16T09:24:28","Price":79.81000000,"Amount":122.66681000},{"Time":"2019-04-16T09:40:54","Situation":"flat","Id":"16230913","Type":"market","Side":"sell","OrderTime":"2019-04-16T09:36:43","Price":79.33000000,"Amount":115.70403000},{"Time":"2019-04-16T09:40:54","Situation":"flat","Id":"16230972","Type":"market","Side":"buy","OrderTime":"2019-04-16T09:39:07","Price":79.40000000,"Amount":184.48400000},{"Time":"2019-04-16T09:45:57","Situation":"flat","Id":"16231008","Type":"market","Side":"sell","OrderTime":"2019-04-16T09:41:04","Price":79.45000000,"Amount":430.00000000},{"Time":"2019-04-16T09:45:57","Situation":"flat","Id":"16231010","Type":"market","Side":"sell","OrderTime":"2019-04-16T09:41:04","Price":79.45000000,"Amount":140.08827000},{"Time":"2019-04-16T09:45:57","Situation":"flat","Id":"16231051","Type":"market","Side":"sell","OrderTime":"2019-04-16T09:45:06","Price":79.36000000,"Amount":205.02800000},{"Time":"2019-04-16T09:51:00","Situation":"flat","Id":"16231137","Type":"market","Side":"buy","OrderTime":"2019-04-16T09:49:14","Price":79.57000000,"Amount":123.53847000},{"Time":"2019-04-16T09:56:00","Situation":"flat","Id":"16231217","Type":"market","Side":"buy","OrderTime":"2019-04-16T09:54:18","Price":79.53000000,"Amount":140.00000000},{"Time":"2019-04-16T10:03:43","Situation":"trend","Id":"16231395","Type":"market","Side":"sell","OrderTime":"2019-04-16T10:03:41","Price":78.96000000,"Amount":153.25240000},{"Time":"2019-04-16T10:03:43","Situation":"trend","Id":"16231409","Type":"market","Side":"sell","OrderTime":"2019-04-16T10:03:42","Price":78.91000000,"Amount":146.87448000},{"Time":"2019-04-16T10:07:41","Situation":"trend","Id":"16231498","Type":"market","Side":"buy","OrderTime":"2019-04-16T10:05:10","Price":78.90000000,"Amount":150.00000000},{"Time":"2019-04-16T10:07:41","Situation":"trend","Id":"16231500","Type":"market","Side":"buy","OrderTime":"2019-04-16T10:05:10","Price":78.90000000,"Amount":357.43426000},{"Time":"2019-04-16T10:27:30","Situation":"trend","Id":"16232189","Type":"market","Side":"sell","OrderTime":"2019-04-16T10:22:41","Price":78.12000000,"Amount":260.00000000},{"Time":"2019-04-16T10:27:30","Situation":"trend","Id":"16232459","Type":"market","Side":"buy","OrderTime":"2019-04-16T10:27:05","Price":78.01000000,"Amount":174.78879000},{"Time":"2019-04-16T10:27:30","Situation":"trend","Id":"16232474","Type":"market","Side":"sell","OrderTime":"2019-04-16T10:27:10","Price":78.00000000,"Amount":144.93568000},{"Time":"2019-04-16T10:31:04","Situation":"trend","Id":"16232500","Type":"market","Side":"buy","OrderTime":"2019-04-16T10:27:39","Price":77.93000000,"Amount":133.72211000},{"Time":"2019-04-16T10:31:04","Situation":"trend","Id":"16232600","Type":"market","Side":"buy","OrderTime":"2019-04-16T10:28:55","Price":77.95000000,"Amount":466.22337000},{"Time":"2019-04-16T10:31:04","Situation":"trend","Id":"16232605","Type":"market","Side":"buy","OrderTime":"2019-04-16T10:28:59","Price":78.04000000,"Amount":138.56675000},{"Time":"2019-04-16T11:05:50","Situation":"flat","Id":"16233748","Type":"market","Side":"buy","OrderTime":"2019-04-16T11:05:23","Price":77.83000000,"Amount":275.96760000},{"Time":"2019-04-16T11:15:55","Situation":"flat","Id":"16233989","Type":"market","Side":"sell","OrderTime":"2019-04-16T11:15:38","Price":78.30000000,"Amount":147.37387000},{"Time":"2019-04-16T11:20:58","Situation":"flat","Id":"16234066","Type":"market","Side":"sell","OrderTime":"2019-04-16T11:19:22","Price":78.42000000,"Amount":103.50327000},{"Time":"2019-04-16T11:26:00","Situation":"flat","Id":"16234157","Type":"market","Side":"sell","OrderTime":"2019-04-16T11:23:36","Price":78.30000000,"Amount":151.84400000},{"Time":"2019-04-16T11:26:00","Situation":"flat","Id":"16234158","Type":"market","Side":"sell","OrderTime":"2019-04-16T11:23:36","Price":78.30000000,"Amount":390.00000000},{"Time":"2019-04-16T11:56:15","Situation":"flat","Id":"16234745","Type":"market","Side":"buy","OrderTime":"2019-04-16T11:55:50","Price":78.25000000,"Amount":100.00000000},{"Time":"2019-04-16T12:11:19","Situation":"flat","Id":"16234953","Type":"market","Side":"buy","OrderTime":"2019-04-16T12:07:13","Price":78.50000000,"Amount":130.44830000},{"Time":"2019-04-16T12:16:22","Situation":"flat","Id":"16235036","Type":"market","Side":"buy","OrderTime":"2019-04-16T12:11:26","Price":78.69000000,"Amount":122.22991000},{"Time":"2019-04-16T12:16:22","Situation":"flat","Id":"16235060","Type":"market","Side":"sell","OrderTime":"2019-04-16T12:12:42","Price":78.74000000,"Amount":100.00000000},{"Time":"2019-04-16T12:21:26","Situation":"flat","Id":"16235260","Type":"market","Side":"sell","OrderTime":"2019-04-16T12:17:37","Price":78.67000000,"Amount":129.25548000},{"Time":"2019-04-16T12:21:26","Situation":"flat","Id":"16235267","Type":"market","Side":"sell","OrderTime":"2019-04-16T12:17:38","Price":78.67000000,"Amount":450.00000000},{"Time":"2019-04-16T12:26:30","Situation":"flat","Id":"16235402","Type":"market","Side":"sell","OrderTime":"2019-04-16T12:24:42","Price":78.53000000,"Amount":128.29449000},{"Time":"2019-04-16T12:30:24","Situation":"trend","Id":"16235738","Type":"market","Side":"sell","OrderTime":"2019-04-16T12:30:13","Price":77.78000000,"Amount":177.05280000},{"Time":"2019-04-16T12:30:24","Situation":"trend","Id":"16235739","Type":"market","Side":"sell","OrderTime":"2019-04-16T12:30:13","Price":77.78000000,"Amount":280.00000000},{"Time":"2019-04-16T12:30:24","Situation":"trend","Id":"16235754","Type":"market","Side":"sell","OrderTime":"2019-04-16T12:30:14","Price":77.78000000,"Amount":621.82030000},{"Time":"2019-04-16T12:37:15","Situation":"flat","Id":"16236277","Type":"market","Side":"sell","OrderTime":"2019-04-16T12:34:24","Price":78.25000000,"Amount":127.79500000},{"Time":"2019-04-16T12:37:15","Situation":"flat","Id":"16236282","Type":"market","Side":"sell","OrderTime":"2019-04-16T12:34:28","Price":78.20000000,"Amount":126.27427000},{"Time":"2019-04-16T12:51:24","Situation":"trend","Id":"16236683","Type":"market","Side":"sell","OrderTime":"2019-04-16T12:49:27","Price":78.26000000,"Amount":123.45539000},{"Time":"2019-04-16T12:51:24","Situation":"trend","Id":"16236684","Type":"market","Side":"sell","OrderTime":"2019-04-16T12:49:27","Price":78.26000000,"Amount":230.00000000}],"TradeDelta":[{"TimeFrom":"2019-04-16T00:00:05","TimeTo":"2019-04-16T00:05:06","Situation":"flat","Value":218.23385000},{"TimeFrom":"2019-04-16T00:05:06","TimeTo":"2019-04-16T00:10:10","Situation":"flat","Value":0.00000000},{"TimeFrom":"2019-04-16T00:10:10","TimeTo":"2019-04-16T00:15:10","Situation":"flat","Value":0.00000000},{"TimeFrom":"2019-04-16T00:15:10","TimeTo":"2019-04-16T00:20:10","Situation":"flat","Value":0.00000000},{"TimeFrom":"2019-04-16T00:20:10","TimeTo":"2019-04-16T00:25:13","Situation":"flat","Value":0.00000000},{"TimeFrom":"2019-04-16T00:25:13","TimeTo":"2019-04-16T00:25:38","Situation":"trend","Value":0.00000000},{"TimeFrom":"2019-04-16T00:25:38","TimeTo":"2019-04-16T00:29:04","Situation":"trend","Value":-102.61500000},{"TimeFrom":"2019-04-16T00:29:04","TimeTo":"2019-04-16T00:34:00","Situation":"trend","Value":-360.00000000},{"TimeFrom":"2019-04-16T00:34:00","TimeTo":"2019-04-16T00:39:03","Situation":"flat","Value":0.00000000},{"TimeFrom":"2019-04-16T00:39:03","TimeTo":"2019-04-16T00:44:05","Situation":"flat","Value":0.00000000},{"TimeFrom":"2019-04-16T00:44:05","TimeTo":"2019-04-16T00:49:06","Situation":"flat","Value":0.00000000},{"TimeFrom":"2019-04-16T00:49:06","TimeTo":"2019-04-16T00:54:10","Situation":"flat","Value":7.55815000},{"TimeFrom":"2019-04-16T00:54:10","TimeTo":"2019-04-16T00:59:11","Situation":"flat","Value":176.97890000},{"TimeFrom":"2019-04-16T00:59:11","TimeTo":"2019-04-16T01:04:13","Situation":"flat","Value":0.00000000},{"TimeFrom":"2019-04-16T01:04:13","TimeTo":"2019-04-16T01:09:17","Situation":"flat","Value":0.00000000},{"TimeFrom":"2019-04-16T01:09:17","TimeTo":"2019-04-16T01:12:40","Situation":"trend","Value":0.00000000},{"TimeFrom":"2019-04-16T01:12:40","TimeTo":"2019-04-16T01:17:43","Situation":"flat","Value":0.00000000},{"TimeFrom":"2019-04-16T01:17:43","TimeTo":"2019-04-16T01:22:45","Situation":"flat","Value":0.00000000},{"TimeFrom":"2019-04-16T01:22:45","TimeTo":"2019-04-16T01:27:49","Situation":"flat","Value":0.00000000},{"TimeFrom":"2019-04-16T01:27:49","TimeTo":"2019-04-16T01:32:53","Situation":"flat","Value":-110.00000000},{"TimeFrom":"2019-04-16T01:32:53","TimeTo":"2019-04-16T01:37:55","Situation":"flat","Value":0.00000000},{"TimeFrom":"2019-04-16T01:37:55","TimeTo":"2019-04-16T01:42:58","Situation":"flat","Value":0.00000000},{"TimeFrom":"2019-04-16T01:42:58","TimeTo":"2019-04-16T01:48:00","Situation":"flat","Value":0.00000000},{"TimeFrom":"2019-04-16T01:48:00","TimeTo":"2019-04-16T01:53:05","Situation":"flat","Value":0.00000000},{"TimeFrom":"2019-04-16T01:53:05","TimeTo":"2019-04-16T01:58:06","Situation":"flat","Value":0.00000000},{"TimeFrom":"2019-04-16T01:58:06","TimeTo":"2019-04-16T02:03:06","Situation":"flat","Value":0.00000000},{"TimeFrom":"2019-04-16T02:03:06","TimeTo":"2019-04-16T02:08:10","Situation":"flat","Value":-100.00000000},{"TimeFrom":"2019-04-16T02:08:10","TimeTo":"2019-04-16T02:13:11","Situation":"flat","Value":310.00000000},{"TimeFrom":"2019-04-16T02:13:11","TimeTo":"2019-04-16T02:18:11","Situation":"flat","Value":140.00000000},{"TimeFrom":"2019-04-16T02:18:11","TimeTo":"2019-04-16T02:23:14","Situation":"flat","Value":-241.87056000},{"TimeFrom":"2019-04-16T02:23:14","TimeTo":"2019-04-16T02:28:16","Situation":"flat","Value":0.00000000},{"TimeFrom":"2019-04-16T02:28:16","TimeTo":"2019-04-16T02:33:20","Situation":"flat","Value":0.00000000},{"TimeFrom":"2019-04-16T02:33:20","TimeTo":"2019-04-16T02:38:23","Situation":"flat","Value":0.00000000},{"TimeFrom":"2019-04-16T02:38:23","TimeTo":"2019-04-16T02:43:25","Situation":"flat","Value":-14.45035000},{"TimeFrom":"2019-04-16T02:43:25","TimeTo":"2019-04-16T02:45:05","Situation":"trend","Value":0.00000000},{"TimeFrom":"2019-04-16T02:45:05","TimeTo":"2019-04-16T02:50:09","Situation":"flat","Value":-101.47102000},{"TimeFrom":"2019-04-16T02:50:09","TimeTo":"2019-04-16T02:55:10","Situation":"flat","Value":-253.22108000},{"TimeFrom":"2019-04-16T02:55:10","TimeTo":"2019-04-16T03:00:13","Situation":"flat","Value":0.00000000},{"TimeFrom":"2019-04-16T03:00:13","TimeTo":"2019-04-16T03:05:15","Situation":"flat","Value":0.00000000},{"TimeFrom":"2019-04-16T03:05:15","TimeTo":"2019-04-16T03:10:15","Situation":"flat","Value":0.00000000},{"TimeFrom":"2019-04-16T03:10:15","TimeTo":"2019-04-16T03:12:30","Situation":"trend","Value":0.00000000},{"TimeFrom":"2019-04-16T03:12:30","TimeTo":"2019-04-16T03:17:32","Situation":"flat","Value":-170.00000000},{"TimeFrom":"2019-04-16T03:17:32","TimeTo":"2019-04-16T03:22:34","Situation":"flat","Value":0.00000000},{"TimeFrom":"2019-04-16T03:22:34","TimeTo":"2019-04-16T03:27:36","Situation":"flat","Value":129.22895000},{"TimeFrom":"2019-04-16T03:27:36","TimeTo":"2019-04-16T03:32:36","Situation":"flat","Value":0.00000000},{"TimeFrom":"2019-04-16T03:32:36","TimeTo":"2019-04-16T03:37:36","Situation":"flat","Value":-204.14690000},{"TimeFrom":"2019-04-16T03:37:36","TimeTo":"2019-04-16T03:42:38","Situation":"flat","Value":0.00000000},{"TimeFrom":"2019-04-16T03:42:38","TimeTo":"2019-04-16T03:47:38","Situation":"flat","Value":0.00000000},{"TimeFrom":"2019-04-16T03:47:38","TimeTo":"2019-04-16T03:52:42","Situation":"flat","Value":0.00000000},{"TimeFrom":"2019-04-16T03:52:42","TimeTo":"2019-04-16T03:57:46","Situation":"flat","Value":139.86000000},{"TimeFrom":"2019-04-16T03:57:46","TimeTo":"2019-04-16T04:02:50","Situation":"flat","Value":-160.00000000},{"TimeFrom":"2019-04-16T04:02:50","TimeTo":"2019-04-16T04:07:50","Situation":"flat","Value":100.00000000},{"TimeFrom":"2019-04-16T04:07:50","TimeTo":"2019-04-16T04:12:51","Situation":"flat","Value":-420.00000000},{"TimeFrom":"2019-04-16T04:12:51","TimeTo":"2019-04-16T04:17:54","Situation":"flat","Value":0.00000000},{"TimeFrom":"2019-04-16T04:17:54","TimeTo":"2019-04-16T04:22:54","Situation":"flat","Value":0.00000000},{"TimeFrom":"2019-04-16T04:22:54","TimeTo":"2019-04-16T04:27:55","Situation":"flat","Value":0.00000000},{"TimeFrom":"2019-04-16T04:27:55","TimeTo":"2019-04-16T04:32:57","Situation":"flat","Value":98.72537000},{"TimeFrom":"2019-04-16T04:32:57","TimeTo":"2019-04-16T04:38:00","Situation":"flat","Value":-410.00000000},{"TimeFrom":"2019-04-16T04:38:00","TimeTo":"2019-04-16T04:43:00","Situation":"flat","Value":0.00000000},{"TimeFrom":"2019-04-16T04:43:00","TimeTo":"2019-04-16T04:48:03","Situation":"flat","Value":2485.90522000},{"TimeFrom":"2019-04-16T04:48:03","TimeTo":"2019-04-16T04:53:06","Situation":"flat","Value":250.00000000},{"TimeFrom":"2019-04-16T04:53:06","TimeTo":"2019-04-16T04:58:07","Situation":"flat","Value":0.00000000},{"TimeFrom":"2019-04-16T04:58:07","TimeTo":"2019-04-16T05:03:10","Situation":"flat","Value":0.00000000},{"TimeFrom":"2019-04-16T05:03:10","TimeTo":"2019-04-16T05:03:40","Situation":"trend","Value":0.00000000},{"TimeFrom":"2019-04-16T05:03:40","TimeTo":"2019-04-16T05:07:34","Situation":"trend","Value":422.38176000},{"TimeFrom":"2019-04-16T05:07:34","TimeTo":"2019-04-16T05:12:36","Situation":"flat","Value":0.00000000},{"TimeFrom":"2019-04-16T05:12:36","TimeTo":"2019-04-16T05:17:40","Situation":"flat","Value":0.00000000},{"TimeFrom":"2019-04-16T05:17:40","TimeTo":"2019-04-16T05:22:40","Situation":"flat","Value":0.00000000},{"TimeFrom":"2019-04-16T05:22:40","TimeTo":"2019-04-16T05:24:55","Situation":"trend","Value":150.00000000},{"TimeFrom":"2019-04-16T05:24:55","TimeTo":"2019-04-16T05:27:05","Situation":"trend","Value":0.00000000},{"TimeFrom":"2019-04-16T05:27:05","TimeTo":"2019-04-16T05:32:05","Situation":"flat","Value":0.00000000},{"TimeFrom":"2019-04-16T05:32:05","TimeTo":"2019-04-16T05:37:08","Situation":"flat","Value":-872.29380000},{"TimeFrom":"2019-04-16T05:37:08","TimeTo":"2019-04-16T05:37:48","Situation":"trend","Value":0.00000000},{"TimeFrom":"2019-04-16T05:37:48","TimeTo":"2019-04-16T05:40:33","Situation":"trend","Value":0.00000000},{"TimeFrom":"2019-04-16T05:40:33","TimeTo":"2019-04-16T05:45:35","Situation":"flat","Value":0.00000000},{"TimeFrom":"2019-04-16T05:45:35","TimeTo":"2019-04-16T05:50:35","Situation":"flat","Value":11.68051000},{"TimeFrom":"2019-04-16T05:50:35","TimeTo":"2019-04-16T05:55:35","Situation":"flat","Value":-330.75630000},{"TimeFrom":"2019-04-16T05:55:35","TimeTo":"2019-04-16T06:00:38","Situation":"flat","Value":377.29565000},{"TimeFrom":"2019-04-16T06:00:38","TimeTo":"2019-04-16T06:05:41","Situation":"flat","Value":0.00000000},{"TimeFrom":"2019-04-16T06:05:41","TimeTo":"2019-04-16T06:10:41","Situation":"flat","Value":280.12300000},{"TimeFrom":"2019-04-16T06:10:41","TimeTo":"2019-04-16T06:15:43","Situation":"flat","Value":0.00000000},{"TimeFrom":"2019-04-16T06:15:43","TimeTo":"2019-04-16T06:20:45","Situation":"flat","Value":0.00000000},{"TimeFrom":"2019-04-16T06:20:45","TimeTo":"2019-04-16T06:25:48","Situation":"flat","Value":0.00000000},{"TimeFrom":"2019-04-16T06:25:48","TimeTo":"2019-04-16T06:30:52","Situation":"flat","Value":-628.19668000},{"TimeFrom":"2019-04-16T06:30:52","TimeTo":"2019-04-16T06:35:55","Situation":"flat","Value":-465.10001000},{"TimeFrom":"2019-04-16T06:35:55","TimeTo":"2019-04-16T06:40:58","Situation":"flat","Value":0.00000000},{"TimeFrom":"2019-04-16T06:40:58","TimeTo":"2019-04-16T06:45:58","Situation":"flat","Value":0.00000000},{"TimeFrom":"2019-04-16T06:45:58","TimeTo":"2019-04-16T06:50:58","Situation":"flat","Value":0.00000000},{"TimeFrom":"2019-04-16T06:50:58","TimeTo":"2019-04-16T06:56:05","Situation":"flat","Value":0.00000000},{"TimeFrom":"2019-04-16T06:56:05","TimeTo":"2019-04-16T07:01:05","Situation":"flat","Value":0.00000000},{"TimeFrom":"2019-04-16T07:01:05","TimeTo":"2019-04-16T07:06:08","Situation":"flat","Value":0.00000000},{"TimeFrom":"2019-04-16T07:06:08","TimeTo":"2019-04-16T07:11:10","Situation":"flat","Value":0.00000000},{"TimeFrom":"2019-04-16T07:11:10","TimeTo":"2019-04-16T07:16:13","Situation":"flat","Value":0.00000000},{"TimeFrom":"2019-04-16T07:16:13","TimeTo":"2019-04-16T07:21:16","Situation":"flat","Value":0.00000000},{"TimeFrom":"2019-04-16T07:21:16","TimeTo":"2019-04-16T07:26:19","Situation":"flat","Value":0.00000000},{"TimeFrom":"2019-04-16T07:26:19","TimeTo":"2019-04-16T07:31:21","Situation":"flat","Value":0.00000000},{"TimeFrom":"2019-04-16T07:31:21","TimeTo":"2019-04-16T07:36:21","Situation":"flat","Value":0.00000000},{"TimeFrom":"2019-04-16T07:36:21","TimeTo":"2019-04-16T07:41:23","Situation":"flat","Value":0.00000000},{"TimeFrom":"2019-04-16T07:41:23","TimeTo":"2019-04-16T07:46:23","Situation":"flat","Value":0.00000000},{"TimeFrom":"2019-04-16T07:46:23","TimeTo":"2019-04-16T07:51:27","Situation":"flat","Value":0.00000000},{"TimeFrom":"2019-04-16T07:51:27","TimeTo":"2019-04-16T07:56:30","Situation":"flat","Value":0.00000000},{"TimeFrom":"2019-04-16T07:56:30","TimeTo":"2019-04-16T08:01:30","Situation":"flat","Value":0.00000000},{"TimeFrom":"2019-04-16T08:01:30","TimeTo":"2019-04-16T08:06:33","Situation":"flat","Value":0.00000000},{"TimeFrom":"2019-04-16T08:06:33","TimeTo":"2019-04-16T08:11:33","Situation":"flat","Value":0.00000000},{"TimeFrom":"2019-04-16T08:11:33","TimeTo":"2019-04-16T08:16:37","Situation":"flat","Value":-130.00000000},{"TimeFrom":"2019-04-16T08:16:37","TimeTo":"2019-04-16T08:21:38","Situation":"flat","Value":0.00000000},{"TimeFrom":"2019-04-16T08:21:38","TimeTo":"2019-04-16T08:26:42","Situation":"flat","Value":0.00000000},{"TimeFrom":"2019-04-16T08:26:42","TimeTo":"2019-04-16T08:31:44","Situation":"flat","Value":-210.00000000},{"TimeFrom":"2019-04-16T08:31:44","TimeTo":"2019-04-16T08:32:55","Situation":"trend","Value":0.00000000},{"TimeFrom":"2019-04-16T08:32:55","TimeTo":"2019-04-16T08:35:00","Situation":"trend","Value":0.00000000},{"TimeFrom":"2019-04-16T08:35:00","TimeTo":"2019-04-16T08:37:50","Situation":"trend","Value":0.00000000},{"TimeFrom":"2019-04-16T08:37:50","TimeTo":"2019-04-16T08:39:56","Situation":"trend","Value":312.73564000},{"TimeFrom":"2019-04-16T08:39:56","TimeTo":"2019-04-16T08:43:08","Situation":"trend","Value":0.00000000},{"TimeFrom":"2019-04-16T08:43:08","TimeTo":"2019-04-16T08:45:25","Situation":"trend","Value":0.00000000},{"TimeFrom":"2019-04-16T08:45:25","TimeTo":"2019-04-16T08:50:26","Situation":"flat","Value":-130.00000000},{"TimeFrom":"2019-04-16T08:50:26","TimeTo":"2019-04-16T08:55:30","Situation":"flat","Value":1051.58881000},{"TimeFrom":"2019-04-16T08:55:30","TimeTo":"2019-04-16T09:00:32","Situation":"flat","Value":64.69595000},{"TimeFrom":"2019-04-16T09:00:32","TimeTo":"2019-04-16T09:05:35","Situation":"flat","Value":-120.09140000},{"TimeFrom":"2019-04-16T09:05:35","TimeTo":"2019-04-16T09:10:36","Situation":"flat","Value":-1219.59262000},{"TimeFrom":"2019-04-16T09:10:36","TimeTo":"2019-04-16T09:15:38","Situation":"flat","Value":110.00000000},{"TimeFrom":"2019-04-16T09:15:38","TimeTo":"2019-04-16T09:20:42","Situation":"flat","Value":0.00000000},{"TimeFrom":"2019-04-16T09:20:42","TimeTo":"2019-04-16T09:25:46","Situation":"flat","Value":-122.66681000},{"TimeFrom":"2019-04-16T09:25:46","TimeTo":"2019-04-16T09:30:50","Situation":"flat","Value":0.00000000},{"TimeFrom":"2019-04-16T09:30:50","TimeTo":"2019-04-16T09:35:52","Situation":"flat","Value":0.00000000},{"TimeFrom":"2019-04-16T09:35:52","TimeTo":"2019-04-16T09:40:54","Situation":"flat","Value":68.77997000},{"TimeFrom":"2019-04-16T09:40:54","TimeTo":"2019-04-16T09:45:57","Situation":"flat","Value":-775.11627000},{"TimeFrom":"2019-04-16T09:45:57","TimeTo":"2019-04-16T09:51:00","Situation":"flat","Value":123.53847000},{"TimeFrom":"2019-04-16T09:51:00","TimeTo":"2019-04-16T09:56:00","Situation":"flat","Value":140.00000000},{"TimeFrom":"2019-04-16T09:56:00","TimeTo":"2019-04-16T10:01:05","Situation":"flat","Value":0.00000000},{"TimeFrom":"2019-04-16T10:01:05","TimeTo":"2019-04-16T10:03:43","Situation":"trend","Value":-300.12688000},{"TimeFrom":"2019-04-16T10:03:43","TimeTo":"2019-04-16T10:07:41","Situation":"trend","Value":507.43426000},{"TimeFrom":"2019-04-16T10:07:41","TimeTo":"2019-04-16T10:12:44","Situation":"flat","Value":0.00000000},{"TimeFrom":"2019-04-16T10:12:44","TimeTo":"2019-04-16T10:17:48","Situation":"flat","Value":0.00000000},{"TimeFrom":"2019-04-16T10:17:48","TimeTo":"2019-04-16T10:22:35","Situation":"trend","Value":0.00000000},{"TimeFrom":"2019-04-16T10:22:35","TimeTo":"2019-04-16T10:27:30","Situation":"trend","Value":-230.14689000},{"TimeFrom":"2019-04-16T10:27:30","TimeTo":"2019-04-16T10:31:04","Situation":"trend","Value":738.51223000},{"TimeFrom":"2019-04-16T10:31:04","TimeTo":"2019-04-16T10:36:06","Situation":"flat","Value":0.00000000},{"TimeFrom":"2019-04-16T10:36:06","TimeTo":"2019-04-16T10:41:06","Situation":"flat","Value":0.00000000},{"TimeFrom":"2019-04-16T10:41:06","TimeTo":"2019-04-16T10:45:40","Situation":"trend","Value":0.00000000},{"TimeFrom":"2019-04-16T10:45:40","TimeTo":"2019-04-16T10:50:43","Situation":"flat","Value":0.00000000},{"TimeFrom":"2019-04-16T10:50:43","TimeTo":"2019-04-16T10:55:43","Situation":"flat","Value":0.00000000},{"TimeFrom":"2019-04-16T10:55:43","TimeTo":"2019-04-16T11:00:46","Situation":"flat","Value":0.00000000},{"TimeFrom":"2019-04-16T11:00:46","TimeTo":"2019-04-16T11:05:50","Situation":"flat","Value":275.96760000},{"TimeFrom":"2019-04-16T11:05:50","TimeTo":"2019-04-16T11:10:54","Situation":"flat","Value":0.00000000},{"TimeFrom":"2019-04-16T11:10:54","TimeTo":"2019-04-16T11:15:55","Situation":"flat","Value":-147.37387000},{"TimeFrom":"2019-04-16T11:15:55","TimeTo":"2019-04-16T11:20:58","Situation":"flat","Value":-103.50327000},{"TimeFrom":"2019-04-16T11:20:58","TimeTo":"2019-04-16T11:26:00","Situation":"flat","Value":-541.84400000},{"TimeFrom":"2019-04-16T11:26:00","TimeTo":"2019-04-16T11:31:02","Situation":"flat","Value":0.00000000},{"TimeFrom":"2019-04-16T11:31:02","TimeTo":"2019-04-16T11:36:06","Situation":"flat","Value":0.00000000},{"TimeFrom":"2019-04-16T11:36:06","TimeTo":"2019-04-16T11:41:06","Situation":"flat","Value":0.00000000},{"TimeFrom":"2019-04-16T11:41:06","TimeTo":"2019-04-16T11:46:08","Situation":"flat","Value":0.00000000},{"TimeFrom":"2019-04-16T11:46:08","TimeTo":"2019-04-16T11:51:11","Situation":"flat","Value":0.00000000},{"TimeFrom":"2019-04-16T11:51:11","TimeTo":"2019-04-16T11:56:15","Situation":"flat","Value":100.00000000},{"TimeFrom":"2019-04-16T11:56:15","TimeTo":"2019-04-16T12:01:15","Situation":"flat","Value":0.00000000},{"TimeFrom":"2019-04-16T12:01:15","TimeTo":"2019-04-16T12:06:17","Situation":"flat","Value":0.00000000},{"TimeFrom":"2019-04-16T12:06:17","TimeTo":"2019-04-16T12:11:19","Situation":"flat","Value":130.44830000},{"TimeFrom":"2019-04-16T12:11:19","TimeTo":"2019-04-16T12:16:22","Situation":"flat","Value":22.22991000},{"TimeFrom":"2019-04-16T12:16:22","TimeTo":"2019-04-16T12:21:26","Situation":"flat","Value":-579.25548000},{"TimeFrom":"2019-04-16T12:21:26","TimeTo":"2019-04-16T12:26:30","Situation":"flat","Value":-128.29449000},{"TimeFrom":"2019-04-16T12:26:30","TimeTo":"2019-04-16T12:29:22","Situation":"trend","Value":0.00000000},{"TimeFrom":"2019-04-16T12:29:22","TimeTo":"2019-04-16T12:30:24","Situation":"trend","Value":-1078.87310000},{"TimeFrom":"2019-04-16T12:30:24","TimeTo":"2019-04-16T12:32:15","Situation":"trend","Value":0.00000000},{"TimeFrom":"2019-04-16T12:32:15","TimeTo":"2019-04-16T12:37:15","Situation":"flat","Value":-254.06927000},{"TimeFrom":"2019-04-16T12:37:15","TimeTo":"2019-04-16T12:42:15","Situation":"flat","Value":0.00000000},{"TimeFrom":"2019-04-16T12:42:15","TimeTo":"2019-04-16T12:47:18","Situation":"flat","Value":0.00000000},{"TimeFrom":"2019-04-16T12:47:18","TimeTo":"2019-04-16T12:51:24","Situation":"trend","Value":-353.45539000},{"TimeFrom":"2019-04-16T12:51:24","TimeTo":"2019-04-16T12:56:26","Situation":"flat","Value":0.00000000}]}
