{"OrderBookAsks":[{"Time":"2019-04-01T00:04:04","Situation":"flat","Type":"ask","Price":4.25000000,"Amount":74367.19000000,"Done":false},{"Time":"2019-04-01T00:09:06","Situation":"flat","Type":"ask","Price":4.25000000,"Amount":74367.19000000,"Done":false},{"Time":"2019-04-01T00:14:06","Situation":"flat","Type":"ask","Price":4.25000000,"Amount":74367.19000000,"Done":false},{"Time":"2019-04-01T00:19:07","Situation":"flat","Type":"ask","Price":4.25000000,"Amount":74367.19000000,"Done":false},{"Time":"2019-04-01T00:26:21","Situation":"trend","Type":"ask","Price":4.25000000,"Amount":74367.19000000,"Done":false},{"Time":"2019-04-01T00:33:35","Situation":"trend","Type":"ask","Price":4.25000000,"Amount":74717.06000000,"Done":false},{"Time":"2019-04-01T00:37:16","Situation":"trend","Type":"ask","Price":4.25000000,"Amount":74717.06000000,"Done":false},{"Time":"2019-04-01T00:56:15","Situation":"flat","Type":"ask","Price":4.25000000,"Amount":74817.06000000,"Done":false},{"Time":"2019-04-01T01:05:41","Situation":"trend","Type":"ask","Price":4.25000000,"Amount":74367.19000000,"Done":false},{"Time":"2019-04-01T01:50:56","Situation":"flat","Type":"ask","Price":4.20000000,"Amount":35863.40000000,"Done":false},{"Time":"2019-04-01T01:55:58","Situation":"flat","Type":"ask","Price":4.20000000,"Amount":35863.40000000,"Done":false},{"Time":"2019-04-01T02:01:00","Situation":"flat","Type":"ask","Price":4.20000000,"Amount":36540.11000000,"Done":false},{"Time":"2019-04-01T15:41:57","Situation":"flat","Type":"ask","Price":4.16500000,"Amount":49690.55000000,"Done":false},{"Time":"2019-04-01T15:46:58","Situation":"flat","Type":"ask","Price":4.16000000,"Amount":50000.00000000,"Done":false},{"Time":"2019-04-01T15:46:58","Situation":"flat","Type":"ask","Price":4.16500000,"Amount":38558.30000000,"Done":false},{"Time":"2019-04-01T15:52:06","Situation":"flat","Type":"ask","Price":4.15500000,"Amount":50000.00000000,"Done":false},{"Time":"2019-04-01T15:52:06","Situation":"flat","Type":"ask","Price":4.16500000,"Amount":37842.86000000,"Done":false},{"Time":"2019-04-01T15:57:09","Situation":"flat","Type":"ask","Price":4.16500000,"Amount":37362.86000000,"Done":false},{"Time":"2019-04-02T05:24:25","Situation":"trend","Type":"ask","Price":4.57220000,"Amount":46035.29000000,"Done":false},{"Time":"2019-04-02T05:24:50","Situation":"trend","Type":"ask","Price":4.57220000,"Amount":46035.29000000,"Done":false},{"Time":"2019-04-02T05:25:34","Situation":"trend","Type":"ask","Price":4.57220000,"Amount":46035.29000000,"Done":false},{"Time":"2019-04-02T05:26:19","Situation":"trend","Type":"ask","Price":4.57220000,"Amount":46035.29000000,"Done":false},{"Time":"2019-04-02T05:26:29","Situation":"trend","Type":"ask","Price":4.57220000,"Amount":46035.29000000,"Done":false},{"Time":"2019-04-02T05:27:03","Situation":"trend","Type":"ask","Price":4.57220000,"Amount":46035.29000000,"Done":false},{"Time":"2019-04-02T05:30:29","Situation":"trend","Type":"ask","Price":4.57220000,"Amount":46035.29000000,"Done":false},{"Time":"2019-04-02T05:32:04","Situation":"trend","Type":"ask","Price":4.57220000,"Amount":46035.29000000,"Done":false},{"Time":"2019-04-02T05:33:29","Situation":"trend","Type":"ask","Price":4.57220000,"Amount":46035.29000000,"Done":false},{"Time":"2019-04-02T05:35:04","Situation":"trend","Type":"ask","Price":4.57220000,"Amount":46035.29000000,"Done":false},{"Time":"2019-04-02T05:35:54","Situation":"trend","Type":"ask","Price":4.57220000,"Amount":46035.29000000,"Done":false},{"Time":"2019-04-02T05:37:29","Situation":"trend","Type":"ask","Price":4.57220000,"Amount":46035.29000000,"Done":false},{"Time":"2019-04-02T22:51:49","Situation":"trend","Type":"ask","Price":5.00000000,"Amount":80721.34000000,"Done":false},{"Time":"2019-04-02T22:53:33","Situation":"trend","Type":"ask","Price":5.00000000,"Amount":80721.34000000,"Done":false},{"Time":"2019-04-02T22:56:35","Situation":"trend","Type":"ask","Price":5.00000000,"Amount":80712.29000000,"Done":false},{"Time":"2019-04-02T23:00:19","Situation":"trend","Type":"ask","Price":5.00000000,"Amount":67567.37000000,"Done":false},{"Time":"2019-04-02T23:03:39","Situation":"trend","Type":"ask","Price":5.08000000,"Amount":28784.79000000,"Done":false},{"Time":"2019-04-02T23:33:09","Situation":"trend","Type":"ask","Price":5.04000000,"Amount":31842.52000000,"Done":false},{"Time":"2019-04-02T23:36:39","Situation":"trend","Type":"ask","Price":5.04000000,"Amount":31842.52000000,"Done":false},{"Time":"2019-04-03T09:57:20","Situation":"trend","Type":"ask","Price":5.20000000,"Amount":30613.79000000,"Done":false},{"Time":"2019-04-03T10:01:19","Situation":"trend","Type":"ask","Price":5.20000000,"Amount":30547.66000000,"Done":false},{"Time":"2019-04-03T13:54:21","Situation":"trend","Type":"ask","Price":5.30000000,"Amount":32547.32000000,"Done":false},{"Time":"2019-04-03T13:55:15","Situation":"trend","Type":"ask","Price":5.30000000,"Amount":33446.44000000,"Done":false},{"Time":"2019-04-03T14:00:16","Situation":"flat","Type":"ask","Price":5.30000000,"Amount":33305.89000000,"Done":false},{"Time":"2019-04-03T14:01:01","Situation":"trend","Type":"ask","Price":5.30000000,"Amount":33296.32000000,"Done":false},{"Time":"2019-04-03T14:03:50","Situation":"trend","Type":"ask","Price":5.30000000,"Amount":33302.57000000,"Done":false},{"Time":"2019-04-03T14:08:50","Situation":"flat","Type":"ask","Price":5.30000000,"Amount":34330.95000000,"Done":false},{"Time":"2019-04-03T14:11:41","Situation":"trend","Type":"ask","Price":5.30000000,"Amount":33302.57000000,"Done":false},{"Time":"2019-04-03T14:16:41","Situation":"flat","Type":"ask","Price":5.30000000,"Amount":34362.80000000,"Done":false},{"Time":"2019-04-03T14:21:43","Situation":"flat","Type":"ask","Price":5.30000000,"Amount":33334.42000000,"Done":false},{"Time":"2019-04-03T14:23:36","Situation":"trend","Type":"ask","Price":5.30000000,"Amount":33374.53000000,"Done":false},{"Time":"2019-04-03T14:26:35","Situation":"trend","Type":"ask","Price":5.30000000,"Amount":33374.53000000,"Done":false},{"Time":"2019-04-03T14:29:00","Situation":"trend","Type":"ask","Price":5.30000000,"Amount":33334.42000000,"Done":true},{"Time":"2019-04-03T15:12:10","Situation":"trend","Type":"ask","Price":5.30000000,"Amount":33368.98000000,"Done":false},{"Time":"2019-04-03T16:03:16","Situation":"trend","Type":"ask","Price":5.30000000,"Amount":31920.54000000,"Done":false},{"Time":"2019-04-03T16:07:05","Situation":"trend","Type":"ask","Price":5.30000000,"Amount":31690.15000000,"Done":false},{"Time":"2019-04-03T16:08:50","Situation":"trend","Type":"ask","Price":5.40000000,"Amount":29967.53000000,"Done":false},{"Time":"2019-04-03T16:09:05","Situation":"trend","Type":"ask","Price":5.40000000,"Amount":29972.12000000,"Done":false},{"Time":"2019-04-03T19:27:17","Situation":"flat","Type":"ask","Price":5.60000000,"Amount":46328.22000000,"Done":false},{"Time":"2019-04-03T19:27:42","Situation":"trend","Type":"ask","Price":5.60000000,"Amount":46328.22000000,"Done":false},{"Time":"2019-04-03T19:29:47","Situation":"trend","Type":"ask","Price":5.60000000,"Amount":46328.22000000,"Done":false},{"Time":"2019-04-03T19:32:35","Situation":"trend","Type":"ask","Price":5.60000000,"Amount":46318.22000000,"Done":false},{"Time":"2019-04-03T19:35:18","Situation":"trend","Type":"ask","Price":5.60000000,"Amount":46318.22000000,"Done":false},{"Time":"2019-04-03T19:40:21","Situation":"flat","Type":"ask","Price":5.60000000,"Amount":46318.22000000,"Done":false},{"Time":"2019-04-03T19:45:25","Situation":"flat","Type":"ask","Price":5.60000000,"Amount":30476.82000000,"Done":false},{"Time":"2019-04-03T19:50:27","Situation":"flat","Type":"ask","Price":5.60000000,"Amount":30176.17000000,"Done":false},{"Time":"2019-04-03T19:53:30","Situation":"trend","Type":"ask","Price":5.60000000,"Amount":30176.17000000,"Done":true},{"Time":"2019-04-03T19:53:55","Situation":"trend","Type":"ask","Price":5.60000000,"Amount":30176.17000000,"Done":true},{"Time":"2019-04-03T19:54:00","Situation":"trend","Type":"ask","Price":5.60000000,"Amount":30176.17000000,"Done":true},{"Time":"2019-04-03T19:54:36","Situation":"trend","Type":"ask","Price":5.60000000,"Amount":30176.17000000,"Done":true},{"Time":"2019-04-03T19:56:50","Situation":"trend","Type":"ask","Price":5.60000000,"Amount":30176.17000000,"Done":true},{"Time":"2019-04-03T20:06:52","Situation":"trend","Type":"ask","Price":5.88000000,"Amount":80221.10000000,"Done":false},{"Time":"2019-04-03T20:07:40","Situation":"trend","Type":"ask","Price":5.88000000,"Amount":80221.10000000,"Done":false},{"Time":"2019-04-03T20:08:24","Situation":"trend","Type":"ask","Price":5.88000000,"Amount":80221.10000000,"Done":false},{"Time":"2019-04-03T20:09:43","Situation":"trend","Type":"ask","Price":5.88000000,"Amount":80221.10000000,"Done":false},{"Time":"2019-04-03T20:11:07","Situation":"trend","Type":"ask","Price":5.88000000,"Amount":80121.10000000,"Done":false},{"Time":"2019-04-03T20:12:06","Situation":"trend","Type":"ask","Price":5.88000000,"Amount":80121.10000000,"Done":false},{"Time":"2019-04-03T20:12:21","Situation":"trend","Type":"ask","Price":5.88000000,"Amount":36458.13000000,"Done":false},{"Time":"2019-04-03T23:26:05","Situation":"trend","Type":"ask","Price":5.30000000,"Amount":34331.56000000,"Done":false},{"Time":"2019-04-03T23:26:30","Situation":"trend","Type":"ask","Price":5.30000000,"Amount":34331.56000000,"Done":false},{"Time":"2019-04-03T23:27:30","Situation":"trend","Type":"ask","Price":5.30000000,"Amount":34331.56000000,"Done":false},{"Time":"2019-04-03T23:28:40","Situation":"trend","Type":"ask","Price":5.30000000,"Amount":34331.56000000,"Done":false},{"Time":"2019-04-03T23:31:44","Situation":"trend","Type":"ask","Price":5.30000000,"Amount":34880.06000000,"Done":false},{"Time":"2019-04-03T23:34:34","Situation":"trend","Type":"ask","Price":5.30000000,"Amount":34910.36000000,"Done":false},{"Time":"2019-04-03T23:35:35","Situation":"trend","Type":"ask","Price":5.30000000,"Amount":34910.36000000,"Done":false},{"Time":"2019-04-03T23:36:45","Situation":"trend","Type":"ask","Price":5.30000000,"Amount":34910.36000000,"Done":false},{"Time":"2019-04-03T23:39:35","Situation":"trend","Type":"ask","Price":5.30000000,"Amount":34910.36000000,"Done":false},{"Time":"2019-04-03T23:39:50","Situation":"trend","Type":"ask","Price":5.30000000,"Amount":34910.36000000,"Done":false},{"Time":"2019-04-03T23:39:55","Situation":"trend","Type":"ask","Price":5.30000000,"Amount":34910.36000000,"Done":false},{"Time":"2019-04-03T23:40:50","Situation":"trend","Type":"ask","Price":5.30000000,"Amount":34880.06000000,"Done":false},{"Time":"2019-04-03T23:42:15","Situation":"trend","Type":"ask","Price":5.30000000,"Amount":34910.36000000,"Done":false},{"Time":"2019-04-03T23:43:25","Situation":"trend","Type":"ask","Price":5.30000000,"Amount":34910.36000000,"Done":false},{"Time":"2019-04-03T23:44:35","Situation":"trend","Type":"ask","Price":5.30000000,"Amount":34910.36000000,"Done":false},{"Time":"2019-04-03T23:45:45","Situation":"trend","Type":"ask","Price":5.30000000,"Amount":34910.36000000,"Done":false},{"Time":"2019-04-03T23:47:35","Situation":"trend","Type":"ask","Price":5.30000000,"Amount":34910.36000000,"Done":false},{"Time":"2019-04-03T23:49:15","Situation":"trend","Type":"ask","Price":5.30000000,"Amount":34910.36000000,"Done":false},{"Time":"2019-04-03T23:53:13","Situation":"trend","Type":"ask","Price":5.30000000,"Amount":34910.36000000,"Done":false},{"Time":"2019-04-03T23:57:55","Situation":"trend","Type":"ask","Price":5.30000000,"Amount":34910.36000000,"Done":false},{"Time":"2019-04-03T23:58:54","Situation":"trend","Type":"ask","Price":5.30000000,"Amount":34910.36000000,"Done":false},{"Time":"2019-04-04T00:00:39","Situation":"trend","Type":"ask","Price":5.30000000,"Amount":34910.36000000,"Done":false},{"Time":"2019-04-04T00:02:29","Situation":"trend","Type":"ask","Price":5.30000000,"Amount":34910.36000000,"Done":false},{"Time":"2019-04-04T00:05:39","Situation":"trend","Type":"ask","Price":5.30000000,"Amount":34923.14000000,"Done":false},{"Time":"2019-04-04T00:09:19","Situation":"trend","Type":"ask","Price":5.30000000,"Amount":34923.14000000,"Done":false},{"Time":"2019-04-04T00:11:04","Situation":"trend","Type":"ask","Price":5.30000000,"Amount":34923.14000000,"Done":false},{"Time":"2019-04-04T00:15:35","Situation":"trend","Type":"ask","Price":5.30000000,"Amount":34923.14000000,"Done":false},{"Time":"2019-04-04T00:18:20","Situation":"trend","Type":"ask","Price":5.30000000,"Amount":34923.14000000,"Done":false},{"Time":"2019-04-04T00:22:39","Situation":"trend","Type":"ask","Price":5.30000000,"Amount":34925.45000000,"Done":false},{"Time":"2019-04-04T00:26:09","Situation":"trend","Type":"ask","Price":5.30000000,"Amount":34925.45000000,"Done":false},{"Time":"2019-04-04T00:28:19","Situation":"trend","Type":"ask","Price":5.30000000,"Amount":34925.45000000,"Done":false},{"Time":"2019-04-04T00:33:19","Situation":"flat","Type":"ask","Price":5.30000000,"Amount":34925.45000000,"Done":false},{"Time":"2019-04-04T00:34:54","Situation":"trend","Type":"ask","Price":5.30000000,"Amount":34925.45000000,"Done":false},{"Time":"2019-04-04T00:36:59","Situation":"trend","Type":"ask","Price":5.30000000,"Amount":34925.45000000,"Done":true},{"Time":"2019-04-04T00:40:39","Situation":"trend","Type":"ask","Price":5.30000000,"Amount":34925.45000000,"Done":true},{"Time":"2019-04-04T00:45:40","Situation":"flat","Type":"ask","Price":5.30000000,"Amount":34925.45000000,"Done":false},{"Time":"2019-04-04T00:50:40","Situation":"flat","Type":"ask","Price":5.30000000,"Amount":34925.45000000,"Done":false},{"Time":"2019-04-04T00:58:54","Situation":"trend","Type":"ask","Price":5.30000000,"Amount":34925.45000000,"Done":false},{"Time":"2019-04-04T01:03:54","Situation":"flat","Type":"ask","Price":5.30000000,"Amount":34925.45000000,"Done":false},{"Time":"2019-04-04T01:05:19","Situation":"trend","Type":"ask","Price":5.30000000,"Amount":34925.45000000,"Done":false},{"Time":"2019-04-04T01:07:14","Situation":"trend","Type":"ask","Price":5.30000000,"Amount":34910.36000000,"Done":false},{"Time":"2019-04-04T01:10:30","Situation":"trend","Type":"ask","Price":5.30000000,"Amount":34910.36000000,"Done":false},{"Time":"2019-04-04T10:36:25","Situation":"flat","Type":"ask","Price":5.21000000,"Amount":31286.57000000,"Done":false},{"Time":"2019-04-04T10:41:05","Situation":"trend","Type":"ask","Price":5.21000000,"Amount":31186.57000000,"Done":false},{"Time":"2019-04-04T10:44:03","Situation":"trend","Type":"ask","Price":5.21000000,"Amount":31186.57000000,"Done":false},{"Time":"2019-04-04T10:49:05","Situation":"flat","Type":"ask","Price":5.21000000,"Amount":31186.57000000,"Done":false},{"Time":"2019-04-04T10:49:30","Situation":"trend","Type":"ask","Price":5.21000000,"Amount":31186.57000000,"Done":false},{"Time":"2019-04-04T10:54:30","Situation":"flat","Type":"ask","Price":5.21000000,"Amount":31186.57000000,"Done":false},{"Time":"2019-04-04T10:59:29","Situation":"trend","Type":"ask","Price":5.21000000,"Amount":31286.57000000,"Done":false},{"Time":"2019-04-04T11:03:00","Situation":"trend","Type":"ask","Price":5.21000000,"Amount":31186.57000000,"Done":true},{"Time":"2019-04-04T11:04:53","Situation":"trend","Type":"ask","Price":5.21000000,"Amount":31186.57000000,"Done":false},{"Time":"2019-04-04T11:09:54","Situation":"flat","Type":"ask","Price":5.21000000,"Amount":31432.57000000,"Done":false},{"Time":"2019-04-04T11:24:30","Situation":"flat","Type":"ask","Price":5.21000000,"Amount":31336.57000000,"Done":false},{"Time":"2019-04-04T11:30:06","Situation":"trend","Type":"ask","Price":5.21000000,"Amount":31236.57000000,"Done":false},{"Time":"2019-04-04T11:34:48","Situation":"trend","Type":"ask","Price":5.21000000,"Amount":31236.57000000,"Done":false},{"Time":"2019-04-04T12:59:29","Situation":"flat","Type":"ask","Price":5.23000000,"Amount":30199.80000000,"Done":false},{"Time":"2019-04-04T13:18:34","Situation":"flat","Type":"ask","Price":5.23000000,"Amount":30257.60000000,"Done":false},{"Time":"2019-04-04T13:27:19","Situation":"trend","Type":"ask","Price":5.23000000,"Amount":30257.60000000,"Done":true},{"Time":"2019-04-08T08:31:51","Situation":"flat","Type":"ask","Price":5.40000000,"Amount":60803.70000000,"Done":false},{"Time":"2019-04-08T08:36:52","Situation":"flat","Type":"ask","Price":5.40000000,"Amount":60803.70000000,"Done":false},{"Time":"2019-04-08T08:39:17","Situation":"trend","Type":"ask","Price":5.40000000,"Amount":60958.41000000,"Done":false},{"Time":"2019-04-08T08:41:16","Situation":"trend","Type":"ask","Price":5.40000000,"Amount":60958.41000000,"Done":false},{"Time":"2019-04-08T08:46:19","Situation":"flat","Type":"ask","Price":5.40000000,"Amount":59451.58000000,"Done":false},{"Time":"2019-04-08T08:51:20","Situation":"flat","Type":"ask","Price":5.40000000,"Amount":59451.58000000,"Done":false},{"Time":"2019-04-08T08:56:21","Situation":"flat","Type":"ask","Price":5.40000000,"Amount":79006.16000000,"Done":false},{"Time":"2019-04-08T09:01:56","Situation":"trend","Type":"ask","Price":5.40000000,"Amount":79006.16000000,"Done":true},{"Time":"2019-04-08T09:17:10","Situation":"flat","Type":"ask","Price":5.40000000,"Amount":78102.37000000,"Done":false}],"OrderBookBids":[{"Time":"2019-04-02T04:48:39","Situation":"flat","Type":"bid","Price":4.32000000,"Amount":426233.71000000,"Done":false},{"Time":"2019-04-02T04:48:44","Situation":"trend","Type":"bid","Price":4.32000000,"Amount":421534.57000000,"Done":false},{"Time":"2019-04-02T04:49:54","Situation":"trend","Type":"bid","Price":4.35000000,"Amount":332050.83000000,"Done":false},{"Time":"2019-04-02T04:49:54","Situation":"trend","Type":"bid","Price":4.32000000,"Amount":426233.71000000,"Done":true},{"Time":"2019-04-02T04:50:10","Situation":"trend","Type":"bid","Price":4.35000000,"Amount":332001.64000000,"Done":false},{"Time":"2019-04-02T04:50:10","Situation":"trend","Type":"bid","Price":4.32000000,"Amount":426233.71000000,"Done":true},{"Time":"2019-04-02T04:50:15","Situation":"trend","Type":"bid","Price":4.35000000,"Amount":332001.64000000,"Done":false},{"Time":"2019-04-02T04:50:15","Situation":"trend","Type":"bid","Price":4.32000000,"Amount":426233.71000000,"Done":true},{"Time":"2019-04-02T04:50:45","Situation":"trend","Type":"bid","Price":4.35000000,"Amount":332001.64000000,"Done":false},{"Time":"2019-04-02T04:50:45","Situation":"trend","Type":"bid","Price":4.32000000,"Amount":426233.71000000,"Done":true},{"Time":"2019-04-02T04:52:10","Situation":"trend","Type":"bid","Price":4.32000000,"Amount":426233.71000000,"Done":true},{"Time":"2019-04-02T04:52:35","Situation":"trend","Type":"bid","Price":4.32000000,"Amount":426233.71000000,"Done":true},{"Time":"2019-04-02T04:53:15","Situation":"trend","Type":"bid","Price":4.32000000,"Amount":426233.71000000,"Done":true},{"Time":"2019-04-02T04:53:40","Situation":"trend","Type":"bid","Price":4.32000000,"Amount":426233.71000000,"Done":true},{"Time":"2019-04-02T05:04:44","Situation":"trend","Type":"bid","Price":4.45000000,"Amount":96858.94000000,"Done":false},{"Time":"2019-04-02T23:07:10","Situation":"trend","Type":"bid","Price":4.95250000,"Amount":28769.52000000,"Done":false},{"Time":"2019-04-03T06:07:04","Situation":"flat","Type":"bid","Price":5.05000000,"Amount":30309.90000000,"Done":false},{"Time":"2019-04-03T07:48:06","Situation":"trend","Type":"bid","Price":5.05000000,"Amount":28880.67000000,"Done":false},{"Time":"2019-04-03T07:56:30","Situation":"trend","Type":"bid","Price":5.05000000,"Amount":28963.64000000,"Done":false},{"Time":"2019-04-03T08:06:05","Situation":"trend","Type":"bid","Price":5.05000000,"Amount":28965.64000000,"Done":false},{"Time":"2019-04-03T08:11:05","Situation":"flat","Type":"bid","Price":5.05000000,"Amount":28585.64000000,"Done":false},{"Time":"2019-04-03T08:13:10","Situation":"trend","Type":"bid","Price":5.05000000,"Amount":28585.64000000,"Done":false},{"Time":"2019-04-03T08:23:34","Situation":"flat","Type":"bid","Price":5.05000000,"Amount":28635.64000000,"Done":false},{"Time":"2019-04-03T08:28:34","Situation":"flat","Type":"bid","Price":5.05000000,"Amount":28635.64000000,"Done":false},{"Time":"2019-04-03T08:33:30","Situation":"trend","Type":"bid","Price":5.05000000,"Amount":28635.64000000,"Done":false},{"Time":"2019-04-03T09:06:24","Situation":"trend","Type":"bid","Price":5.05000000,"Amount":28683.36000000,"Done":false},{"Time":"2019-04-03T09:11:25","Situation":"flat","Type":"bid","Price":5.05000000,"Amount":28630.82000000,"Done":false},{"Time":"2019-04-03T09:14:45","Situation":"trend","Type":"bid","Price":5.05000000,"Amount":28432.81000000,"Done":false},{"Time":"2019-04-03T09:18:00","Situation":"trend","Type":"bid","Price":5.05000000,"Amount":28432.81000000,"Done":false},{"Time":"2019-04-03T09:26:44","Situation":"trend","Type":"bid","Price":5.05000000,"Amount":28432.81000000,"Done":false},{"Time":"2019-04-03T09:31:44","Situation":"flat","Type":"bid","Price":5.05000000,"Amount":28822.81000000,"Done":false},{"Time":"2019-04-03T09:36:44","Situation":"flat","Type":"bid","Price":5.05000000,"Amount":28432.81000000,"Done":false},{"Time":"2019-04-03T19:40:21","Situation":"flat","Type":"bid","Price":5.59000000,"Amount":71076.06000000,"Done":false},{"Time":"2019-04-03T22:41:50","Situation":"trend","Type":"bid","Price":5.31000000,"Amount":68975.97000000,"Done":false},{"Time":"2019-04-03T22:42:00","Situation":"trend","Type":"bid","Price":5.31000000,"Amount":68975.97000000,"Done":false},{"Time":"2019-04-03T22:42:50","Situation":"trend","Type":"bid","Price":5.31000000,"Amount":34644.42000000,"Done":false},{"Time":"2019-04-03T22:43:05","Situation":"trend","Type":"bid","Price":5.31000000,"Amount":28433.41000000,"Done":false},{"Time":"2019-04-04T15:29:50","Situation":"trend","Type":"bid","Price":4.91000000,"Amount":38463.95000000,"Done":false},{"Time":"2019-04-04T15:29:55","Situation":"trend","Type":"bid","Price":4.91000000,"Amount":38463.95000000,"Done":false},{"Time":"2019-04-04T15:30:15","Situation":"trend","Type":"bid","Price":4.91000000,"Amount":38863.95000000,"Done":false},{"Time":"2019-04-04T15:30:20","Situation":"trend","Type":"bid","Price":4.91000000,"Amount":38863.95000000,"Done":false},{"Time":"2019-04-04T16:16:48","Situation":"trend","Type":"bid","Price":5.01000000,"Amount":36631.30000000,"Done":false},{"Time":"2019-04-04T16:17:18","Situation":"trend","Type":"bid","Price":5.01000000,"Amount":36631.30000000,"Done":false},{"Time":"2019-04-04T16:18:03","Situation":"trend","Type":"bid","Price":5.01000000,"Amount":36656.30000000,"Done":false},{"Time":"2019-04-04T16:21:43","Situation":"trend","Type":"bid","Price":5.01000000,"Amount":36631.30000000,"Done":false},{"Time":"2019-04-04T16:23:24","Situation":"trend","Type":"bid","Price":5.01000000,"Amount":36631.30000000,"Done":false},{"Time":"2019-04-04T16:24:14","Situation":"trend","Type":"bid","Price":5.01000000,"Amount":36631.30000000,"Done":false},{"Time":"2019-04-04T16:29:14","Situation":"flat","Type":"bid","Price":5.01000000,"Amount":36649.66000000,"Done":false},{"Time":"2019-04-04T16:29:44","Situation":"trend","Type":"bid","Price":5.01000000,"Amount":36649.66000000,"Done":false},{"Time":"2019-04-04T16:30:59","Situation":"trend","Type":"bid","Price":5.01000000,"Amount":36649.66000000,"Done":true},{"Time":"2019-04-04T16:32:14","Situation":"trend","Type":"bid","Price":5.01000000,"Amount":36649.66000000,"Done":true},{"Time":"2019-04-04T16:37:04","Situation":"trend","Type":"bid","Price":5.01000000,"Amount":36649.66000000,"Done":true},{"Time":"2019-04-06T12:10:30","Situation":"flat","Type":"bid","Price":5.25000000,"Amount":34696.21000000,"Done":false}],"TradeHistory":[{"Time":"2019-04-01T01:10:43","Situation":"flat","Id":"16548124","Type":"market","Side":"buy","OrderTime":"2019-04-01T01:09:12","Price":4.21960000,"Amount":3623.57000000},{"Time":"2019-04-01T01:20:49","Situation":"flat","Id":"16548690","Type":"market","Side":"sell","OrderTime":"2019-04-01T01:18:38","Price":4.21000000,"Amount":5000.00000000},{"Time":"2019-04-01T02:06:02","Situation":"flat","Id":"16549650","Type":"market","Side":"buy","OrderTime":"2019-04-01T02:01:20","Price":4.20000000,"Amount":5986.14000000},{"Time":"2019-04-01T02:06:02","Situation":"flat","Id":"16549652","Type":"market","Side":"buy","OrderTime":"2019-04-01T02:01:20","Price":4.20000000,"Amount":29553.97000000},{"Time":"2019-04-01T02:06:02","Situation":"flat","Id":"16549693","Type":"market","Side":"buy","OrderTime":"2019-04-01T02:01:41","Price":4.20000000,"Amount":14632.41000000},{"Time":"2019-04-01T02:06:02","Situation":"flat","Id":"16549697","Type":"market","Side":"buy","OrderTime":"2019-04-01T02:01:41","Price":4.20000000,"Amount":3950.32000000},{"Time":"2019-04-01T02:26:12","Situation":"flat","Id":"16550201","Type":"market","Side":"buy","OrderTime":"2019-04-01T02:23:40","Price":4.20500000,"Amount":9607.28000000},{"Time":"2019-04-01T03:46:17","Situation":"flat","Id":"16553021","Type":"market","Side":"sell","OrderTime":"2019-04-01T03:45:05","Price":4.25000000,"Amount":4051.02000000},{"Time":"2019-04-01T03:46:17","Situation":"flat","Id":"16553051","Type":"market","Side":"sell","OrderTime":"2019-04-01T03:45:53","Price":4.25000000,"Amount":3785.15000000},{"Time":"2019-04-01T04:19:55","Situation":"flat","Id":"16554031","Type":"market","Side":"sell","OrderTime":"2019-04-01T04:16:31","Price":4.23040000,"Amount":3212.20000000},{"Time":"2019-04-01T04:24:55","Situation":"flat","Id":"16554138","Type":"market","Side":"sell","OrderTime":"2019-04-01T04:22:44","Price":4.23270000,"Amount":3686.16000000},{"Time":"2019-04-01T04:35:07","Situation":"flat","Id":"16554274","Type":"market","Side":"sell","OrderTime":"2019-04-01T04:30:02","Price":4.22850000,"Amount":8185.57000000},{"Time":"2019-04-01T04:50:15","Situation":"flat","Id":"16554610","Type":"market","Side":"sell","OrderTime":"2019-04-01T04:46:10","Price":4.22430000,"Amount":3332.00000000},{"Time":"2019-04-01T06:45:57","Situation":"flat","Id":"16557031","Type":"market","Side":"buy","OrderTime":"2019-04-01T06:42:35","Price":4.23000000,"Amount":3510.54000000},{"Time":"2019-04-01T06:56:07","Situation":"flat","Id":"16557179","Type":"market","Side":"buy","OrderTime":"2019-04-01T06:53:15","Price":4.22700000,"Amount":11725.86000000},{"Time":"2019-04-01T07:01:10","Situation":"flat","Id":"16557336","Type":"market","Side":"buy","OrderTime":"2019-04-01T07:00:21","Price":4.22830000,"Amount":4523.29000000},{"Time":"2019-04-01T07:16:11","Situation":"flat","Id":"16557564","Type":"market","Side":"buy","OrderTime":"2019-04-01T07:11:16","Price":4.23150000,"Amount":7861.96000000},{"Time":"2019-04-01T07:16:11","Situation":"flat","Id":"16557565","Type":"market","Side":"buy","OrderTime":"2019-04-01T07:11:16","Price":4.23150000,"Amount":7861.58000000},{"Time":"2019-04-01T07:16:11","Situation":"flat","Id":"16557766","Type":"market","Side":"buy","OrderTime":"2019-04-01T07:15:58","Price":4.23100000,"Amount":4379.43000000},{"Time":"2019-04-01T07:21:11","Situation":"flat","Id":"16557806","Type":"market","Side":"buy","OrderTime":"2019-04-01T07:16:59","Price":4.23100000,"Amount":3122.32000000},{"Time":"2019-04-01T07:21:11","Situation":"flat","Id":"16557810","Type":"market","Side":"buy","OrderTime":"2019-04-01T07:17:07","Price":4.23100000,"Amount":3394.03000000},{"Time":"2019-04-01T09:06:51","Situation":"flat","Id":"16560465","Type":"market","Side":"buy","OrderTime":"2019-04-01T09:03:54","Price":4.22000000,"Amount":4426.06000000},{"Time":"2019-04-01T09:32:00","Situation":"flat","Id":"16560936","Type":"market","Side":"buy","OrderTime":"2019-04-01T09:29:19","Price":4.20470000,"Amount":3000.00000000},{"Time":"2019-04-01T11:17:37","Situation":"flat","Id":"16564338","Type":"market","Side":"buy","OrderTime":"2019-04-01T11:15:16","Price":4.19350000,"Amount":3407.57000000},{"Time":"2019-04-01T11:17:37","Situation":"flat","Id":"16564479","Type":"market","Side":"sell","OrderTime":"2019-04-01T11:17:15","Price":4.18900000,"Amount":3345.67000000},{"Time":"2019-04-01T12:28:37","Situation":"trend","Id":"16566056","Type":"market","Side":"buy","OrderTime":"2019-04-01T12:27:54","Price":4.23010000,"Amount":3550.48000000},{"Time":"2019-04-01T12:43:41","Situation":"flat","Id":"16566682","Type":"market","Side":"buy","OrderTime":"2019-04-01T12:40:59","Price":4.23080000,"Amount":8226.38000000},{"Time":"2019-04-01T12:51:51","Situation":"trend","Id":"16567028","Type":"market","Side":"sell","OrderTime":"2019-04-01T12:51:44","Price":4.20530000,"Amount":6791.84000000},{"Time":"2019-04-01T14:28:56","Situation":"flat","Id":"16569895","Type":"market","Side":"sell","OrderTime":"2019-04-01T14:26:27","Price":4.21010000,"Amount":3800.63000000},{"Time":"2019-04-01T14:50:26","Situation":"trend","Id":"16571092","Type":"market","Side":"buy","OrderTime":"2019-04-01T14:50:23","Price":4.17200000,"Amount":6112.95000000},{"Time":"2019-04-01T14:55:27","Situation":"flat","Id":"16571181","Type":"market","Side":"sell","OrderTime":"2019-04-01T14:50:27","Price":4.16000000,"Amount":3507.11000000},{"Time":"2019-04-01T14:55:27","Situation":"flat","Id":"16571916","Type":"market","Side":"buy","OrderTime":"2019-04-01T14:55:25","Price":4.17300000,"Amount":3054.50000000},{"Time":"2019-04-01T15:26:52","Situation":"flat","Id":"16573642","Type":"market","Side":"sell","OrderTime":"2019-04-01T15:25:12","Price":4.18000000,"Amount":3353.64000000},{"Time":"2019-04-01T15:26:52","Situation":"flat","Id":"16573647","Type":"market","Side":"sell","OrderTime":"2019-04-01T15:25:12","Price":4.18000000,"Amount":3508.88000000},{"Time":"2019-04-01T15:26:52","Situation":"flat","Id":"16573648","Type":"market","Side":"sell","OrderTime":"2019-04-01T15:25:12","Price":4.18000000,"Amount":10982.47000000},{"Time":"2019-04-01T15:41:57","Situation":"flat","Id":"16574053","Type":"market","Side":"sell","OrderTime":"2019-04-01T15:37:27","Price":4.17130000,"Amount":10000.00000000},{"Time":"2019-04-01T15:41:57","Situation":"flat","Id":"16574057","Type":"market","Side":"buy","OrderTime":"2019-04-01T15:37:27","Price":4.17000000,"Amount":4422.32000000},{"Time":"2019-04-01T15:41:57","Situation":"flat","Id":"16574084","Type":"market","Side":"sell","OrderTime":"2019-04-01T15:37:50","Price":4.16360000,"Amount":5000.00000000},{"Time":"2019-04-01T15:41:57","Situation":"flat","Id":"16574111","Type":"market","Side":"sell","OrderTime":"2019-04-01T15:37:50","Price":4.15360000,"Amount":8003.13000000},{"Time":"2019-04-01T15:41:57","Situation":"flat","Id":"16574120","Type":"market","Side":"sell","OrderTime":"2019-04-01T15:37:50","Price":4.15000000,"Amount":4934.48000000},{"Time":"2019-04-01T15:41:57","Situation":"flat","Id":"16574121","Type":"market","Side":"sell","OrderTime":"2019-04-01T15:37:50","Price":4.14990000,"Amount":7406.00000000},{"Time":"2019-04-01T15:41:57","Situation":"flat","Id":"16574279","Type":"market","Side":"sell","OrderTime":"2019-04-01T15:38:52","Price":4.16510000,"Amount":7224.86000000},{"Time":"2019-04-01T15:41:57","Situation":"flat","Id":"16574626","Type":"market","Side":"sell","OrderTime":"2019-04-01T15:41:02","Price":4.16160000,"Amount":5063.47000000},{"Time":"2019-04-01T15:41:57","Situation":"flat","Id":"16574705","Type":"market","Side":"buy","OrderTime":"2019-04-01T15:41:47","Price":4.16500000,"Amount":9588.02000000},{"Time":"2019-04-01T15:41:57","Situation":"flat","Id":"16574706","Type":"market","Side":"buy","OrderTime":"2019-04-01T15:41:47","Price":4.16500000,"Amount":9971.86000000},{"Time":"2019-04-01T15:52:06","Situation":"flat","Id":"16575029","Type":"market","Side":"buy","OrderTime":"2019-04-01T15:48:17","Price":4.16000000,"Amount":8347.08000000},{"Time":"2019-04-01T15:52:06","Situation":"flat","Id":"16575034","Type":"market","Side":"buy","OrderTime":"2019-04-01T15:48:17","Price":4.16000000,"Amount":16622.78000000},{"Time":"2019-04-01T15:52:06","Situation":"flat","Id":"16575035","Type":"market","Side":"buy","OrderTime":"2019-04-01T15:48:17","Price":4.16000000,"Amount":15524.12000000},{"Time":"2019-04-01T15:52:06","Situation":"flat","Id":"16575360","Type":"market","Side":"buy","OrderTime":"2019-04-01T15:49:35","Price":4.14540000,"Amount":3726.98000000},{"Time":"2019-04-01T15:52:06","Situation":"flat","Id":"16575456","Type":"market","Side":"buy","OrderTime":"2019-04-01T15:49:39","Price":4.15440000,"Amount":3323.98000000},{"Time":"2019-04-01T15:57:09","Situation":"flat","Id":"16575734","Type":"market","Side":"buy","OrderTime":"2019-04-01T15:52:33","Price":4.15500000,"Amount":4113.00000000},{"Time":"2019-04-01T15:57:09","Situation":"flat","Id":"16575739","Type":"market","Side":"buy","OrderTime":"2019-04-01T15:52:33","Price":4.15500000,"Amount":5131.76000000},{"Time":"2019-04-01T15:57:09","Situation":"flat","Id":"16576072","Type":"market","Side":"buy","OrderTime":"2019-04-01T15:55:04","Price":4.15500000,"Amount":5889.61000000},{"Time":"2019-04-01T15:57:09","Situation":"flat","Id":"16576110","Type":"market","Side":"buy","OrderTime":"2019-04-01T15:55:08","Price":4.15500000,"Amount":7700.81000000},{"Time":"2019-04-01T15:57:09","Situation":"flat","Id":"16576499","Type":"market","Side":"buy","OrderTime":"2019-04-01T15:56:48","Price":4.15500000,"Amount":12433.94000000},{"Time":"2019-04-01T16:01:53","Situation":"trend","Id":"16577003","Type":"market","Side":"buy","OrderTime":"2019-04-01T15:58:47","Price":4.16500000,"Amount":20000.00000000},{"Time":"2019-04-01T16:06:57","Situation":"flat","Id":"16577564","Type":"market","Side":"sell","OrderTime":"2019-04-01T16:06:03","Price":4.17350000,"Amount":5132.25000000},{"Time":"2019-04-01T16:06:57","Situation":"flat","Id":"16577565","Type":"market","Side":"sell","OrderTime":"2019-04-01T16:06:03","Price":4.17330000,"Amount":5000.00000000},{"Time":"2019-04-01T17:17:30","Situation":"flat","Id":"16579294","Type":"market","Side":"sell","OrderTime":"2019-04-01T17:17:21","Price":4.19700000,"Amount":3502.09000000},{"Time":"2019-04-01T17:22:33","Situation":"flat","Id":"16579303","Type":"market","Side":"sell","OrderTime":"2019-04-01T17:17:39","Price":4.19700000,"Amount":5859.06000000},{"Time":"2019-04-01T21:22:40","Situation":"flat","Id":"16583297","Type":"market","Side":"buy","OrderTime":"2019-04-01T21:17:41","Price":4.20140000,"Amount":4434.35000000},{"Time":"2019-04-01T21:38:26","Situation":"flat","Id":"16584204","Type":"market","Side":"buy","OrderTime":"2019-04-01T21:36:13","Price":4.22000000,"Amount":3152.47000000},{"Time":"2019-04-01T23:00:40","Situation":"flat","Id":"16585518","Type":"market","Side":"sell","OrderTime":"2019-04-01T22:59:47","Price":4.22000000,"Amount":19703.89000000},{"Time":"2019-04-01T23:00:40","Situation":"flat","Id":"16585521","Type":"market","Side":"sell","OrderTime":"2019-04-01T22:59:47","Price":4.22000000,"Amount":4860.67000000},{"Time":"2019-04-01T23:00:40","Situation":"flat","Id":"16585523","Type":"market","Side":"sell","OrderTime":"2019-04-01T22:59:47","Price":4.22000000,"Amount":4875.46000000},{"Time":"2019-04-02T01:50:10","Situation":"flat","Id":"16589443","Type":"market","Side":"sell","OrderTime":"2019-04-02T01:49:37","Price":4.20100000,"Amount":3017.00000000},{"Time":"2019-04-02T01:50:10","Situation":"flat","Id":"16589458","Type":"market","Side":"buy","OrderTime":"2019-04-02T01:49:37","Price":4.20000000,"Amount":3212.51000000},{"Time":"2019-04-02T02:00:14","Situation":"flat","Id":"16589778","Type":"market","Side":"buy","OrderTime":"2019-04-02T01:56:27","Price":4.19000000,"Amount":9485.55000000},{"Time":"2019-04-02T02:00:14","Situation":"flat","Id":"16589782","Type":"market","Side":"buy","OrderTime":"2019-04-02T01:56:27","Price":4.19000000,"Amount":10212.42000000},{"Time":"2019-04-02T02:20:15","Situation":"flat","Id":"16590663","Type":"market","Side":"sell","OrderTime":"2019-04-02T02:16:44","Price":4.19700000,"Amount":3571.47000000},{"Time":"2019-04-02T02:20:15","Situation":"flat","Id":"16590695","Type":"market","Side":"buy","OrderTime":"2019-04-02T02:16:45","Price":4.19500000,"Amount":3918.80000000},{"Time":"2019-04-02T02:20:15","Situation":"flat","Id":"16590697","Type":"market","Side":"buy","OrderTime":"2019-04-02T02:16:45","Price":4.19500000,"Amount":4109.11000000},{"Time":"2019-04-02T02:25:15","Situation":"flat","Id":"16590841","Type":"market","Side":"buy","OrderTime":"2019-04-02T02:21:52","Price":4.19500000,"Amount":4735.61000000},{"Time":"2019-04-02T02:25:15","Situation":"flat","Id":"16590845","Type":"market","Side":"buy","OrderTime":"2019-04-02T02:21:52","Price":4.19500000,"Amount":3285.72000000},{"Time":"2019-04-02T02:25:15","Situation":"flat","Id":"16591032","Type":"market","Side":"buy","OrderTime":"2019-04-02T02:22:18","Price":4.19500000,"Amount":16585.47000000},{"Time":"2019-04-02T03:20:24","Situation":"flat","Id":"16592408","Type":"market","Side":"buy","OrderTime":"2019-04-02T03:17:30","Price":4.20160000,"Amount":6108.13000000},{"Time":"2019-04-02T03:50:10","Situation":"trend","Id":"16593189","Type":"market","Side":"buy","OrderTime":"2019-04-02T03:45:41","Price":4.18300000,"Amount":8054.62000000},{"Time":"2019-04-02T03:50:10","Situation":"trend","Id":"16593473","Type":"market","Side":"sell","OrderTime":"2019-04-02T03:50:08","Price":4.17000000,"Amount":3420.76000000},{"Time":"2019-04-02T03:55:10","Situation":"flat","Id":"16593758","Type":"market","Side":"buy","OrderTime":"2019-04-02T03:51:04","Price":4.16180000,"Amount":3108.13000000},{"Time":"2019-04-02T04:33:09","Situation":"trend","Id":"16595599","Type":"market","Side":"buy","OrderTime":"2019-04-02T04:33:08","Price":4.24000000,"Amount":3158.30000000},{"Time":"2019-04-02T04:33:29","Situation":"trend","Id":"16595722","Type":"market","Side":"buy","OrderTime":"2019-04-02T04:33:16","Price":4.26470000,"Amount":3556.28000000},{"Time":"2019-04-02T04:33:29","Situation":"trend","Id":"16595739","Type":"market","Side":"buy","OrderTime":"2019-04-02T04:33:16","Price":4.27330000,"Amount":3578.98000000},{"Time":"2019-04-02T04:34:14","Situation":"trend","Id":"16596029","Type":"market","Side":"sell","OrderTime":"2019-04-02T04:33:42","Price":4.26000000,"Amount":33468.15000000},{"Time":"2019-04-02T04:34:14","Situation":"trend","Id":"16596030","Type":"market","Side":"sell","OrderTime":"2019-04-02T04:33:42","Price":4.26000000,"Amount":37179.61000000},{"Time":"2019-04-02T04:34:54","Situation":"trend","Id":"16596713","Type":"market","Side":"sell","OrderTime":"2019-04-02T04:34:50","Price":4.27670000,"Amount":3600.00000000},{"Time":"2019-04-02T04:39:45","Situation":"trend","Id":"16596830","Type":"market","Side":"buy","OrderTime":"2019-04-02T04:35:04","Price":4.30000000,"Amount":3318.84000000},{"Time":"2019-04-02T04:39:45","Situation":"trend","Id":"16597076","Type":"market","Side":"sell","OrderTime":"2019-04-02T04:35:25","Price":4.30030000,"Amount":3040.61000000},{"Time":"2019-04-02T04:39:45","Situation":"trend","Id":"16597405","Type":"market","Side":"buy","OrderTime":"2019-04-02T04:36:13","Price":4.30600000,"Amount":3156.73000000},{"Time":"2019-04-02T04:43:39","Situation":"trend","Id":"16598563","Type":"market","Side":"buy","OrderTime":"2019-04-02T04:39:52","Price":4.32000000,"Amount":7170.57000000},{"Time":"2019-04-02T04:43:39","Situation":"trend","Id":"16599323","Type":"market","Side":"sell","OrderTime":"2019-04-02T04:41:26","Price":4.32060000,"Amount":10157.39000000},{"Time":"2019-04-02T04:43:39","Situation":"trend","Id":"16599414","Type":"market","Side":"sell","OrderTime":"2019-04-02T04:41:34","Price":4.32060000,"Amount":3139.72000000},{"Time":"2019-04-02T04:43:39","Situation":"trend","Id":"16599433","Type":"market","Side":"sell","OrderTime":"2019-04-02T04:41:36","Price":4.32060000,"Amount":4563.87000000},{"Time":"2019-04-02T04:43:39","Situation":"trend","Id":"16599570","Type":"market","Side":"buy","OrderTime":"2019-04-02T04:41:57","Price":4.32150000,"Amount":6260.00000000},{"Time":"2019-04-02T04:43:39","Situation":"trend","Id":"16599628","Type":"market","Side":"sell","OrderTime":"2019-04-02T04:42:00","Price":4.32530000,"Amount":5181.01000000},{"Time":"2019-04-02T04:43:39","Situation":"trend","Id":"16600227","Type":"market","Side":"sell","OrderTime":"2019-04-02T04:43:15","Price":4.31190000,"Amount":3016.30000000},{"Time":"2019-04-02T04:43:39","Situation":"trend","Id":"16600260","Type":"market","Side":"sell","OrderTime":"2019-04-02T04:43:18","Price":4.31190000,"Amount":9055.46000000},{"Time":"2019-04-02T04:43:39","Situation":"trend","Id":"16600502","Type":"market","Side":"sell","OrderTime":"2019-04-02T04:43:38","Price":4.31010000,"Amount":4338.41000000},{"Time":"2019-04-02T04:48:39","Situation":"flat","Id":"16600772","Type":"market","Side":"buy","OrderTime":"2019-04-02T04:44:11","Price":4.30000000,"Amount":3386.90000000},{"Time":"2019-04-02T04:48:39","Situation":"flat","Id":"16601825","Type":"market","Side":"sell","OrderTime":"2019-04-02T04:46:14","Price":4.29040000,"Amount":3661.18000000},{"Time":"2019-04-02T04:48:44","Situation":"trend","Id":"16602503","Type":"market","Side":"buy","OrderTime":"2019-04-02T04:48:40","Price":4.31400000,"Amount":4500.00000000},{"Time":"2019-04-02T04:49:54","Situation":"trend","Id":"16602744","Type":"market","Side":"sell","OrderTime":"2019-04-02T04:48:56","Price":4.32000000,"Amount":19270.22000000},{"Time":"2019-04-02T04:49:54","Situation":"trend","Id":"16602747","Type":"market","Side":"sell","OrderTime":"2019-04-02T04:48:56","Price":4.32000000,"Amount":6881.33000000},{"Time":"2019-04-02T04:49:54","Situation":"trend","Id":"16602749","Type":"market","Side":"sell","OrderTime":"2019-04-02T04:48:56","Price":4.32000000,"Amount":3152.53000000},{"Time":"2019-04-02T04:49:54","Situation":"trend","Id":"16603118","Type":"market","Side":"sell","OrderTime":"2019-04-02T04:49:47","Price":4.34000000,"Amount":5205.67000000},{"Time":"2019-04-02T04:50:10","Situation":"trend","Id":"16603193","Type":"market","Side":"buy","OrderTime":"2019-04-02T04:49:55","Price":4.34800000,"Amount":7688.40000000},{"Time":"2019-04-02T04:50:10","Situation":"trend","Id":"16603199","Type":"market","Side":"buy","OrderTime":"2019-04-02T04:49:55","Price":4.35000000,"Amount":3789.49000000},{"Time":"2019-04-02T04:50:10","Situation":"trend","Id":"16603203","Type":"market","Side":"sell","OrderTime":"2019-04-02T04:49:55","Price":4.35000000,"Amount":16165.60000000},{"Time":"2019-04-02T04:50:10","Situation":"trend","Id":"16603207","Type":"market","Side":"sell","OrderTime":"2019-04-02T04:49:55","Price":4.35000000,"Amount":20724.20000000},{"Time":"2019-04-02T04:50:45","Situation":"trend","Id":"16603858","Type":"market","Side":"buy","OrderTime":"2019-04-02T04:50:39","Price":4.36930000,"Amount":3068.60000000},{"Time":"2019-04-02T04:50:45","Situation":"trend","Id":"16603928","Type":"market","Side":"buy","OrderTime":"2019-04-02T04:50:45","Price":4.40000000,"Amount":4706.37000000},{"Time":"2019-04-02T04:52:10","Situation":"trend","Id":"16604049","Type":"market","Side":"buy","OrderTime":"2019-04-02T04:51:02","Price":4.40300000,"Amount":3770.13000000},{"Time":"2019-04-02T04:52:10","Situation":"trend","Id":"16604062","Type":"market","Side":"sell","OrderTime":"2019-04-02T04:51:05","Price":4.40000000,"Amount":3036.37000000},{"Time":"2019-04-02T04:52:10","Situation":"trend","Id":"16604349","Type":"market","Side":"sell","OrderTime":"2019-04-02T04:52:07","Price":4.42000000,"Amount":4054.70000000},{"Time":"2019-04-02T04:52:10","Situation":"trend","Id":"16604350","Type":"market","Side":"sell","OrderTime":"2019-04-02T04:52:07","Price":4.42000000,"Amount":15122.55000000},{"Time":"2019-04-02T04:52:10","Situation":"trend","Id":"16604351","Type":"market","Side":"sell","OrderTime":"2019-04-02T04:52:07","Price":4.42000000,"Amount":6208.75000000},{"Time":"2019-04-02T04:52:35","Situation":"trend","Id":"16604479","Type":"market","Side":"sell","OrderTime":"2019-04-02T04:52:22","Price":4.43000000,"Amount":3974.83000000},{"Time":"2019-04-02T04:53:15","Situation":"trend","Id":"16604941","Type":"market","Side":"sell","OrderTime":"2019-04-02T04:53:09","Price":4.46350000,"Amount":3799.34000000},{"Time":"2019-04-02T04:56:09","Situation":"trend","Id":"16606408","Type":"market","Side":"buy","OrderTime":"2019-04-02T04:55:26","Price":4.55780000,"Amount":3188.03000000},{"Time":"2019-04-02T04:56:09","Situation":"trend","Id":"16606576","Type":"market","Side":"sell","OrderTime":"2019-04-02T04:55:46","Price":4.55230000,"Amount":6202.17000000},{"Time":"2019-04-02T04:57:33","Situation":"trend","Id":"16607358","Type":"market","Side":"sell","OrderTime":"2019-04-02T04:57:28","Price":4.46000000,"Amount":15547.64000000},{"Time":"2019-04-02T04:58:54","Situation":"trend","Id":"16607584","Type":"market","Side":"buy","OrderTime":"2019-04-02T04:58:11","Price":4.41010000,"Amount":4957.77000000},{"Time":"2019-04-02T04:58:54","Situation":"trend","Id":"16607735","Type":"market","Side":"buy","OrderTime":"2019-04-02T04:58:43","Price":4.42000000,"Amount":10941.58000000},{"Time":"2019-04-02T05:00:35","Situation":"trend","Id":"16608284","Type":"market","Side":"buy","OrderTime":"2019-04-02T05:00:18","Price":4.42000000,"Amount":5347.33000000},{"Time":"2019-04-02T05:00:35","Situation":"trend","Id":"16608369","Type":"market","Side":"buy","OrderTime":"2019-04-02T05:00:33","Price":4.44000000,"Amount":19454.43000000},{"Time":"2019-04-02T05:01:59","Situation":"trend","Id":"16608860","Type":"market","Side":"buy","OrderTime":"2019-04-02T05:01:50","Price":4.42000000,"Amount":12294.53000000},{"Time":"2019-04-02T05:02:24","Situation":"trend","Id":"16608943","Type":"market","Side":"sell","OrderTime":"2019-04-02T05:02:02","Price":4.40000000,"Amount":4385.40000000},{"Time":"2019-04-02T05:02:24","Situation":"trend","Id":"16609069","Type":"market","Side":"buy","OrderTime":"2019-04-02T05:02:23","Price":4.38000000,"Amount":3049.23000000},{"Time":"2019-04-02T05:02:54","Situation":"trend","Id":"16609213","Type":"market","Side":"sell","OrderTime":"2019-04-02T05:02:48","Price":4.40260000,"Amount":9714.57000000},{"Time":"2019-04-02T05:04:29","Situation":"trend","Id":"16609358","Type":"market","Side":"buy","OrderTime":"2019-04-02T05:02:59","Price":4.42430000,"Amount":3295.76000000},{"Time":"2019-04-02T05:04:29","Situation":"trend","Id":"16609542","Type":"market","Side":"buy","OrderTime":"2019-04-02T05:03:16","Price":4.43080000,"Amount":4136.38000000},{"Time":"2019-04-02T05:04:29","Situation":"trend","Id":"16609544","Type":"market","Side":"buy","OrderTime":"2019-04-02T05:03:16","Price":4.43240000,"Amount":9367.76000000},{"Time":"2019-04-02T05:04:44","Situation":"trend","Id":"16610006","Type":"market","Side":"buy","OrderTime":"2019-04-02T05:04:41","Price":4.41000000,"Amount":4591.69000000},{"Time":"2019-04-02T05:04:44","Situation":"trend","Id":"16610035","Type":"market","Side":"sell","OrderTime":"2019-04-02T05:04:41","Price":4.45000000,"Amount":4629.24000000},{"Time":"2019-04-02T05:04:44","Situation":"trend","Id":"16610036","Type":"market","Side":"sell","OrderTime":"2019-04-02T05:04:41","Price":4.45000000,"Amount":34013.98000000},{"Time":"2019-04-02T05:04:44","Situation":"trend","Id":"16610039","Type":"market","Side":"sell","OrderTime":"2019-04-02T05:04:41","Price":4.45000000,"Amount":34013.98000000},{"Time":"2019-04-02T05:04:44","Situation":"trend","Id":"16610148","Type":"market","Side":"sell","OrderTime":"2019-04-02T05:04:43","Price":4.45000000,"Amount":30664.81000000},{"Time":"2019-04-02T05:08:05","Situation":"trend","Id":"16610420","Type":"market","Side":"sell","OrderTime":"2019-04-02T05:05:11","Price":4.45000000,"Amount":3907.37000000},{"Time":"2019-04-02T05:08:05","Situation":"trend","Id":"16610448","Type":"market","Side":"sell","OrderTime":"2019-04-02T05:05:12","Price":4.45000000,"Amount":3259.42000000},{"Time":"2019-04-02T05:08:05","Situation":"trend","Id":"16610578","Type":"market","Side":"sell","OrderTime":"2019-04-02T05:05:27","Price":4.45000000,"Amount":6344.07000000},{"Time":"2019-04-02T05:08:05","Situation":"trend","Id":"16610671","Type":"market","Side":"sell","OrderTime":"2019-04-02T05:05:40","Price":4.45000000,"Amount":10491.41000000},{"Time":"2019-04-02T05:08:05","Situation":"trend","Id":"16610725","Type":"market","Side":"sell","OrderTime":"2019-04-02T05:05:48","Price":4.45000000,"Amount":10260.67000000},{"Time":"2019-04-02T05:08:05","Situation":"trend","Id":"16610855","Type":"market","Side":"sell","OrderTime":"2019-04-02T05:06:09","Price":4.45000000,"Amount":4609.61000000},{"Time":"2019-04-02T05:08:05","Situation":"trend","Id":"16611138","Type":"market","Side":"buy","OrderTime":"2019-04-02T05:07:00","Price":4.45990000,"Amount":3377.36000000},{"Time":"2019-04-02T05:08:05","Situation":"trend","Id":"16611229","Type":"market","Side":"buy","OrderTime":"2019-04-02T05:07:26","Price":4.45640000,"Amount":3453.01000000},{"Time":"2019-04-02T05:08:05","Situation":"trend","Id":"16611272","Type":"market","Side":"buy","OrderTime":"2019-04-02T05:07:36","Price":4.45340000,"Amount":3391.47000000},{"Time":"2019-04-02T05:08:40","Situation":"trend","Id":"16611385","Type":"market","Side":"buy","OrderTime":"2019-04-02T05:08:06","Price":4.44750000,"Amount":3820.20000000},{"Time":"2019-04-02T05:08:40","Situation":"trend","Id":"16611443","Type":"market","Side":"sell","OrderTime":"2019-04-02T05:08:24","Price":4.44020000,"Amount":3150.00000000},{"Time":"2019-04-02T05:09:40","Situation":"trend","Id":"16611537","Type":"market","Side":"sell","OrderTime":"2019-04-02T05:08:51","Price":4.41150000,"Amount":5931.69000000},{"Time":"2019-04-02T05:09:40","Situation":"trend","Id":"16611556","Type":"market","Side":"sell","OrderTime":"2019-04-02T05:08:52","Price":4.40000000,"Amount":8842.21000000},{"Time":"2019-04-02T05:09:40","Situation":"trend","Id":"16611616","Type":"market","Side":"buy","OrderTime":"2019-04-02T05:08:57","Price":4.42790000,"Amount":9347.25000000},{"Time":"2019-04-02T05:09:40","Situation":"trend","Id":"16611793","Type":"market","Side":"sell","OrderTime":"2019-04-02T05:09:34","Price":4.43670000,"Amount":9194.61000000},{"Time":"2019-04-02T05:13:35","Situation":"trend","Id":"16611849","Type":"market","Side":"sell","OrderTime":"2019-04-02T05:09:47","Price":4.43820000,"Amount":3324.55000000},{"Time":"2019-04-02T05:13:35","Situation":"trend","Id":"16611952","Type":"market","Side":"buy","OrderTime":"2019-04-02T05:10:18","Price":4.44430000,"Amount":3100.00000000},{"Time":"2019-04-02T05:13:35","Situation":"trend","Id":"16612010","Type":"market","Side":"buy","OrderTime":"2019-04-02T05:10:34","Price":4.45180000,"Amount":4613.06000000},{"Time":"2019-04-02T05:13:35","Situation":"trend","Id":"16612265","Type":"market","Side":"sell","OrderTime":"2019-04-02T05:11:50","Price":4.45880000,"Amount":8441.23000000},{"Time":"2019-04-02T05:13:35","Situation":"trend","Id":"16612556","Type":"market","Side":"sell","OrderTime":"2019-04-02T05:12:53","Price":4.44960000,"Amount":3191.52000000},{"Time":"2019-04-02T05:13:35","Situation":"trend","Id":"16612651","Type":"market","Side":"sell","OrderTime":"2019-04-02T05:13:30","Price":4.43460000,"Amount":3413.33000000},{"Time":"2019-04-02T05:15:05","Situation":"trend","Id":"16612724","Type":"market","Side":"sell","OrderTime":"2019-04-02T05:13:48","Price":4.42560000,"Amount":5100.00000000},{"Time":"2019-04-02T05:15:05","Situation":"trend","Id":"16612726","Type":"market","Side":"buy","OrderTime":"2019-04-02T05:13:48","Price":4.42550000,"Amount":11931.39000000},{"Time":"2019-04-02T05:15:05","Situation":"trend","Id":"16612763","Type":"market","Side":"buy","OrderTime":"2019-04-02T05:13:59","Price":4.43280000,"Amount":4100.00000000},{"Time":"2019-04-02T05:15:35","Situation":"trend","Id":"16613003","Type":"market","Side":"sell","OrderTime":"2019-04-02T05:15:26","Price":4.47170000,"Amount":12489.74000000},{"Time":"2019-04-02T05:16:00","Situation":"trend","Id":"16613098","Type":"market","Side":"sell","OrderTime":"2019-04-02T05:15:48","Price":4.49660000,"Amount":13551.23000000},{"Time":"2019-04-02T05:18:10","Situation":"trend","Id":"16613839","Type":"market","Side":"buy","OrderTime":"2019-04-02T05:17:38","Price":4.54390000,"Amount":3800.00000000},{"Time":"2019-04-02T05:18:10","Situation":"trend","Id":"16613943","Type":"market","Side":"buy","OrderTime":"2019-04-02T05:17:53","Price":4.55000000,"Amount":10436.28000000},{"Time":"2019-04-02T05:19:45","Situation":"trend","Id":"16614414","Type":"market","Side":"sell","OrderTime":"2019-04-02T05:19:20","Price":4.58000000,"Amount":32257.79000000},{"Time":"2019-04-02T05:19:45","Situation":"trend","Id":"16614416","Type":"market","Side":"sell","OrderTime":"2019-04-02T05:19:20","Price":4.58000000,"Amount":3126.73000000},{"Time":"2019-04-02T05:22:19","Situation":"trend","Id":"16614969","Type":"market","Side":"buy","OrderTime":"2019-04-02T05:20:34","Price":4.56740000,"Amount":4728.54000000},{"Time":"2019-04-02T05:22:19","Situation":"trend","Id":"16615086","Type":"market","Side":"sell","OrderTime":"2019-04-02T05:20:48","Price":4.58000000,"Amount":3416.58000000},{"Time":"2019-04-02T05:22:19","Situation":"trend","Id":"16615088","Type":"market","Side":"sell","OrderTime":"2019-04-02T05:20:49","Price":4.58000000,"Amount":9168.25000000},{"Time":"2019-04-02T05:23:45","Situation":"trend","Id":"16615795","Type":"market","Side":"buy","OrderTime":"2019-04-02T05:23:06","Price":4.60000000,"Amount":5637.65000000},{"Time":"2019-04-02T05:23:45","Situation":"trend","Id":"16616001","Type":"market","Side":"buy","OrderTime":"2019-04-02T05:23:45","Price":4.57000000,"Amount":24088.81000000},{"Time":"2019-04-02T05:24:50","Situation":"trend","Id":"16616379","Type":"market","Side":"sell","OrderTime":"2019-04-02T05:24:34","Price":4.54570000,"Amount":3329.21000000},{"Time":"2019-04-02T05:25:34","Situation":"trend","Id":"16616546","Type":"market","Side":"sell","OrderTime":"2019-04-02T05:24:53","Price":4.50920000,"Amount":3392.15000000},{"Time":"2019-04-02T05:25:34","Situation":"trend","Id":"16616620","Type":"market","Side":"buy","OrderTime":"2019-04-02T05:25:03","Price":4.50000000,"Amount":22040.52000000},{"Time":"2019-04-02T05:26:19","Situation":"trend","Id":"16616981","Type":"market","Side":"buy","OrderTime":"2019-04-02T05:25:59","Price":4.52440000,"Amount":3329.21000000},{"Time":"2019-04-02T05:26:19","Situation":"trend","Id":"16617030","Type":"market","Side":"sell","OrderTime":"2019-04-02T05:26:05","Price":4.51640000,"Amount":7642.98000000},{"Time":"2019-04-02T05:27:03","Situation":"trend","Id":"16617268","Type":"market","Side":"sell","OrderTime":"2019-04-02T05:26:47","Price":4.48000000,"Amount":4441.43000000},{"Time":"2019-04-02T05:32:04","Situation":"trend","Id":"16618358","Type":"market","Side":"buy","OrderTime":"2019-04-02T05:31:03","Price":4.44990000,"Amount":3107.41000000},{"Time":"2019-04-02T05:32:04","Situation":"trend","Id":"16618362","Type":"market","Side":"buy","OrderTime":"2019-04-02T05:31:03","Price":4.45340000,"Amount":3600.00000000},{"Time":"2019-04-02T05:32:04","Situation":"trend","Id":"16618364","Type":"market","Side":"buy","OrderTime":"2019-04-02T05:31:03","Price":4.45360000,"Amount":3600.00000000},{"Time":"2019-04-02T05:38:35","Situation":"trend","Id":"16621027","Type":"market","Side":"buy","OrderTime":"2019-04-02T05:38:31","Price":4.50000000,"Amount":3931.31000000},{"Time":"2019-04-02T05:38:49","Situation":"trend","Id":"16621440","Type":"market","Side":"sell","OrderTime":"2019-04-02T05:38:48","Price":4.50750000,"Amount":4600.00000000},{"Time":"2019-04-02T05:47:05","Situation":"trend","Id":"16623271","Type":"market","Side":"sell","OrderTime":"2019-04-02T05:44:29","Price":4.55580000,"Amount":11394.50000000},{"Time":"2019-04-02T05:47:05","Situation":"trend","Id":"16623277","Type":"market","Side":"buy","OrderTime":"2019-04-02T05:44:29","Price":4.55830000,"Amount":4069.42000000},{"Time":"2019-04-02T05:47:05","Situation":"trend","Id":"16623597","Type":"market","Side":"sell","OrderTime":"2019-04-02T05:45:39","Price":4.56040000,"Amount":5035.16000000},{"Time":"2019-04-02T05:47:05","Situation":"trend","Id":"16623648","Type":"market","Side":"sell","OrderTime":"2019-04-02T05:45:59","Price":4.54940000,"Amount":7585.23000000},{"Time":"2019-04-02T05:47:05","Situation":"trend","Id":"16623650","Type":"market","Side":"sell","OrderTime":"2019-04-02T05:45:59","Price":4.54890000,"Amount":3580.62000000},{"Time":"2019-04-02T05:47:05","Situation":"trend","Id":"16623749","Type":"market","Side":"sell","OrderTime":"2019-04-02T05:46:51","Price":4.54890000,"Amount":7831.16000000},{"Time":"2019-04-02T05:48:50","Situation":"trend","Id":"16623886","Type":"market","Side":"sell","OrderTime":"2019-04-02T05:47:33","Price":4.55010000,"Amount":8321.14000000},{"Time":"2019-04-02T05:49:20","Situation":"trend","Id":"16624282","Type":"market","Side":"sell","OrderTime":"2019-04-02T05:49:13","Price":4.53830000,"Amount":5737.75000000},{"Time":"2019-04-02T05:49:20","Situation":"trend","Id":"16624300","Type":"market","Side":"sell","OrderTime":"2019-04-02T05:49:15","Price":4.53830000,"Amount":4997.20000000},{"Time":"2019-04-02T05:52:08","Situation":"trend","Id":"16624933","Type":"market","Side":"sell","OrderTime":"2019-04-02T05:52:04","Price":4.49540000,"Amount":5169.60000000},{"Time":"2019-04-02T05:54:58","Situation":"trend","Id":"16625291","Type":"market","Side":"sell","OrderTime":"2019-04-02T05:52:58","Price":4.47260000,"Amount":6000.00000000},{"Time":"2019-04-02T05:56:10","Situation":"trend","Id":"16625919","Type":"market","Side":"sell","OrderTime":"2019-04-02T05:56:00","Price":4.44190000,"Amount":4178.26000000},{"Time":"2019-04-02T05:56:10","Situation":"trend","Id":"16625944","Type":"market","Side":"sell","OrderTime":"2019-04-02T05:56:07","Price":4.45340000,"Amount":4143.78000000},{"Time":"2019-04-02T06:11:54","Situation":"trend","Id":"16627670","Type":"market","Side":"buy","OrderTime":"2019-04-02T06:07:51","Price":4.45710000,"Amount":4357.46000000},{"Time":"2019-04-02T06:14:05","Situation":"trend","Id":"16628832","Type":"market","Side":"buy","OrderTime":"2019-04-02T06:12:48","Price":4.47180000,"Amount":7039.57000000},{"Time":"2019-04-02T06:14:05","Situation":"trend","Id":"16628970","Type":"market","Side":"sell","OrderTime":"2019-04-02T06:13:31","Price":4.46960000,"Amount":3872.09000000},{"Time":"2019-04-02T06:16:45","Situation":"trend","Id":"16629271","Type":"market","Side":"sell","OrderTime":"2019-04-02T06:15:48","Price":4.47660000,"Amount":8724.94000000},{"Time":"2019-04-02T06:21:49","Situation":"flat","Id":"16629595","Type":"market","Side":"buy","OrderTime":"2019-04-02T06:17:37","Price":4.45880000,"Amount":4525.86000000},{"Time":"2019-04-02T06:21:49","Situation":"flat","Id":"16629651","Type":"market","Side":"sell","OrderTime":"2019-04-02T06:17:48","Price":4.47380000,"Amount":3603.36000000},{"Time":"2019-04-02T06:27:33","Situation":"trend","Id":"16630865","Type":"market","Side":"buy","OrderTime":"2019-04-02T06:26:44","Price":4.50360000,"Amount":3075.64000000},{"Time":"2019-04-02T06:37:39","Situation":"flat","Id":"16631766","Type":"market","Side":"sell","OrderTime":"2019-04-02T06:32:50","Price":4.51700000,"Amount":3157.92000000},{"Time":"2019-04-02T06:37:39","Situation":"flat","Id":"16632203","Type":"market","Side":"sell","OrderTime":"2019-04-02T06:34:46","Price":4.51850000,"Amount":4113.92000000},{"Time":"2019-04-02T06:42:39","Situation":"flat","Id":"16632715","Type":"market","Side":"buy","OrderTime":"2019-04-02T06:38:52","Price":4.51000000,"Amount":7935.41000000},{"Time":"2019-04-02T06:42:39","Situation":"flat","Id":"16632732","Type":"market","Side":"buy","OrderTime":"2019-04-02T06:38:57","Price":4.51000000,"Amount":11985.07000000},{"Time":"2019-04-02T06:47:55","Situation":"flat","Id":"16633409","Type":"market","Side":"sell","OrderTime":"2019-04-02T06:44:33","Price":4.53000000,"Amount":3005.69000000},{"Time":"2019-04-02T06:47:55","Situation":"flat","Id":"16633703","Type":"market","Side":"buy","OrderTime":"2019-04-02T06:47:01","Price":4.53860000,"Amount":4143.66000000},{"Time":"2019-04-02T06:53:55","Situation":"flat","Id":"16634301","Type":"market","Side":"sell","OrderTime":"2019-04-02T06:51:53","Price":4.56240000,"Amount":9873.15000000},{"Time":"2019-04-02T06:56:40","Situation":"trend","Id":"16635043","Type":"market","Side":"sell","OrderTime":"2019-04-02T06:55:19","Price":4.57760000,"Amount":3863.78000000},{"Time":"2019-04-02T07:01:29","Situation":"trend","Id":"16635568","Type":"market","Side":"buy","OrderTime":"2019-04-02T06:58:06","Price":4.54000000,"Amount":3002.68000000},{"Time":"2019-04-02T07:06:30","Situation":"flat","Id":"16636278","Type":"market","Side":"buy","OrderTime":"2019-04-02T07:04:02","Price":4.54500000,"Amount":5000.00000000},{"Time":"2019-04-02T07:08:25","Situation":"trend","Id":"16636596","Type":"market","Side":"buy","OrderTime":"2019-04-02T07:07:01","Price":4.55000000,"Amount":8839.03000000},{"Time":"2019-04-02T07:13:29","Situation":"flat","Id":"16637030","Type":"market","Side":"buy","OrderTime":"2019-04-02T07:12:33","Price":4.56000000,"Amount":4491.01000000},{"Time":"2019-04-02T07:13:29","Situation":"flat","Id":"16637031","Type":"market","Side":"buy","OrderTime":"2019-04-02T07:12:33","Price":4.56000000,"Amount":4285.33000000},{"Time":"2019-04-02T07:18:45","Situation":"trend","Id":"16637780","Type":"market","Side":"sell","OrderTime":"2019-04-02T07:18:41","Price":4.56400000,"Amount":3942.27000000},{"Time":"2019-04-02T07:23:47","Situation":"flat","Id":"16637985","Type":"market","Side":"buy","OrderTime":"2019-04-02T07:20:41","Price":4.55260000,"Amount":6970.47000000},{"Time":"2019-04-02T07:28:50","Situation":"flat","Id":"16638326","Type":"market","Side":"sell","OrderTime":"2019-04-02T07:26:08","Price":4.55250000,"Amount":4564.76000000},{"Time":"2019-04-02T07:33:50","Situation":"flat","Id":"16638501","Type":"market","Side":"buy","OrderTime":"2019-04-02T07:29:11","Price":4.54880000,"Amount":6114.53000000},{"Time":"2019-04-02T07:44:49","Situation":"flat","Id":"16639125","Type":"market","Side":"buy","OrderTime":"2019-04-02T07:40:07","Price":4.52000000,"Amount":3809.70000000},{"Time":"2019-04-02T07:44:49","Situation":"flat","Id":"16639292","Type":"market","Side":"sell","OrderTime":"2019-04-02T07:42:25","Price":4.53050000,"Amount":3005.96000000},{"Time":"2019-04-02T07:44:49","Situation":"flat","Id":"16639397","Type":"market","Side":"sell","OrderTime":"2019-04-02T07:43:37","Price":4.53030000,"Amount":6916.25000000},{"Time":"2019-04-02T08:04:54","Situation":"flat","Id":"16640334","Type":"market","Side":"buy","OrderTime":"2019-04-02T08:03:41","Price":4.53990000,"Amount":3247.76000000},{"Time":"2019-04-02T08:14:55","Situation":"flat","Id":"16640784","Type":"market","Side":"sell","OrderTime":"2019-04-02T08:10:09","Price":4.55560000,"Amount":3467.58000000},{"Time":"2019-04-02T08:14:55","Situation":"flat","Id":"16641329","Type":"market","Side":"buy","OrderTime":"2019-04-02T08:14:46","Price":4.54840000,"Amount":3157.76000000},{"Time":"2019-04-02T09:10:15","Situation":"flat","Id":"16643892","Type":"market","Side":"buy","OrderTime":"2019-04-02T09:10:05","Price":4.52000000,"Amount":4441.25000000},{"Time":"2019-04-02T09:15:15","Situation":"flat","Id":"16644234","Type":"market","Side":"sell","OrderTime":"2019-04-02T09:14:43","Price":4.53490000,"Amount":5720.38000000},{"Time":"2019-04-02T09:25:20","Situation":"flat","Id":"16644786","Type":"market","Side":"buy","OrderTime":"2019-04-02T09:25:17","Price":4.55000000,"Amount":15797.72000000},{"Time":"2019-04-02T09:25:20","Situation":"flat","Id":"16644793","Type":"market","Side":"sell","OrderTime":"2019-04-02T09:25:17","Price":4.55070000,"Amount":29879.24000000},{"Time":"2019-04-02T09:30:20","Situation":"flat","Id":"16645058","Type":"market","Side":"sell","OrderTime":"2019-04-02T09:27:49","Price":4.53860000,"Amount":8045.70000000},{"Time":"2019-04-02T09:35:24","Situation":"flat","Id":"16645394","Type":"market","Side":"sell","OrderTime":"2019-04-02T09:30:56","Price":4.54680000,"Amount":4590.05000000},{"Time":"2019-04-02T10:11:43","Situation":"flat","Id":"16648923","Type":"market","Side":"sell","OrderTime":"2019-04-02T10:09:45","Price":4.55000000,"Amount":4430.13000000},{"Time":"2019-04-02T10:41:54","Situation":"flat","Id":"16650656","Type":"market","Side":"buy","OrderTime":"2019-04-02T10:38:33","Price":4.56000000,"Amount":3320.00000000},{"Time":"2019-04-02T10:41:54","Situation":"flat","Id":"16650659","Type":"market","Side":"buy","OrderTime":"2019-04-02T10:38:35","Price":4.56000000,"Amount":5496.16000000},{"Time":"2019-04-02T11:12:00","Situation":"flat","Id":"16652470","Type":"market","Side":"sell","OrderTime":"2019-04-02T11:10:32","Price":4.56580000,"Amount":3064.43000000},{"Time":"2019-04-02T11:12:00","Situation":"flat","Id":"16652539","Type":"market","Side":"sell","OrderTime":"2019-04-02T11:11:41","Price":4.56000000,"Amount":3117.79000000},{"Time":"2019-04-02T11:30:54","Situation":"flat","Id":"16653607","Type":"market","Side":"sell","OrderTime":"2019-04-02T11:28:49","Price":4.59100000,"Amount":7636.93000000},{"Time":"2019-04-02T11:30:54","Situation":"flat","Id":"16653608","Type":"market","Side":"sell","OrderTime":"2019-04-02T11:28:49","Price":4.59100000,"Amount":6248.12000000},{"Time":"2019-04-02T12:05:45","Situation":"flat","Id":"16655623","Type":"market","Side":"sell","OrderTime":"2019-04-02T12:01:26","Price":4.57700000,"Amount":4083.52000000},{"Time":"2019-04-02T12:20:53","Situation":"flat","Id":"16656393","Type":"market","Side":"buy","OrderTime":"2019-04-02T12:19:08","Price":4.60000000,"Amount":4727.78000000},{"Time":"2019-04-02T12:20:53","Situation":"flat","Id":"16656480","Type":"market","Side":"sell","OrderTime":"2019-04-02T12:19:57","Price":4.60090000,"Amount":3000.30000000},{"Time":"2019-04-02T12:25:53","Situation":"flat","Id":"16656733","Type":"market","Side":"buy","OrderTime":"2019-04-02T12:24:47","Price":4.59170000,"Amount":7135.60000000},{"Time":"2019-04-02T12:36:25","Situation":"trend","Id":"16657421","Type":"market","Side":"buy","OrderTime":"2019-04-02T12:34:57","Price":4.60740000,"Amount":3083.46000000},{"Time":"2019-04-02T12:40:50","Situation":"trend","Id":"16658958","Type":"market","Side":"buy","OrderTime":"2019-04-02T12:40:27","Price":4.62000000,"Amount":23362.59000000},{"Time":"2019-04-02T12:45:54","Situation":"flat","Id":"16659132","Type":"market","Side":"sell","OrderTime":"2019-04-02T12:41:19","Price":4.62000000,"Amount":3474.30000000},{"Time":"2019-04-02T12:45:54","Situation":"flat","Id":"16659133","Type":"market","Side":"sell","OrderTime":"2019-04-02T12:41:19","Price":4.62000000,"Amount":6396.45000000},{"Time":"2019-04-02T12:52:35","Situation":"trend","Id":"16660056","Type":"market","Side":"buy","OrderTime":"2019-04-02T12:52:01","Price":4.62500000,"Amount":3038.51000000},{"Time":"2019-04-02T12:57:37","Situation":"flat","Id":"16660707","Type":"market","Side":"buy","OrderTime":"2019-04-02T12:57:32","Price":4.65000000,"Amount":11663.36000000},{"Time":"2019-04-02T13:04:32","Situation":"trend","Id":"16661238","Type":"market","Side":"sell","OrderTime":"2019-04-02T13:03:36","Price":4.63700000,"Amount":7900.00000000},{"Time":"2019-04-02T13:22:55","Situation":"trend","Id":"16662925","Type":"market","Side":"buy","OrderTime":"2019-04-02T13:21:37","Price":4.64260000,"Amount":3438.97000000},{"Time":"2019-04-02T13:30:58","Situation":"trend","Id":"16664125","Type":"market","Side":"buy","OrderTime":"2019-04-02T13:28:55","Price":4.70000000,"Amount":3131.13000000},{"Time":"2019-04-02T13:30:58","Situation":"trend","Id":"16664321","Type":"market","Side":"sell","OrderTime":"2019-04-02T13:29:42","Price":4.69800000,"Amount":4558.22000000},{"Time":"2019-04-02T13:34:00","Situation":"trend","Id":"16664765","Type":"market","Side":"buy","OrderTime":"2019-04-02T13:32:17","Price":4.67730000,"Amount":3870.37000000},{"Time":"2019-04-02T13:39:35","Situation":"trend","Id":"16665546","Type":"market","Side":"sell","OrderTime":"2019-04-02T13:34:52","Price":4.72000000,"Amount":10000.00000000},{"Time":"2019-04-02T13:42:26","Situation":"trend","Id":"16666645","Type":"market","Side":"sell","OrderTime":"2019-04-02T13:40:22","Price":4.75000000,"Amount":9213.22000000},{"Time":"2019-04-02T13:42:26","Situation":"trend","Id":"16666941","Type":"market","Side":"buy","OrderTime":"2019-04-02T13:42:14","Price":4.72560000,"Amount":3053.63000000},{"Time":"2019-04-02T13:47:29","Situation":"flat","Id":"16667358","Type":"market","Side":"sell","OrderTime":"2019-04-02T13:45:12","Price":4.72600000,"Amount":4152.94000000},{"Time":"2019-04-02T13:54:05","Situation":"trend","Id":"16668197","Type":"market","Side":"buy","OrderTime":"2019-04-02T13:52:59","Price":4.76120000,"Amount":4258.82000000},{"Time":"2019-04-02T14:00:27","Situation":"flat","Id":"16669189","Type":"market","Side":"buy","OrderTime":"2019-04-02T13:59:51","Price":4.76580000,"Amount":3288.91000000},{"Time":"2019-04-02T14:00:27","Situation":"flat","Id":"16669190","Type":"market","Side":"buy","OrderTime":"2019-04-02T13:59:51","Price":4.76580000,"Amount":3907.35000000},{"Time":"2019-04-02T14:01:43","Situation":"trend","Id":"16669339","Type":"market","Side":"buy","OrderTime":"2019-04-02T14:00:58","Price":4.76300000,"Amount":3640.91000000},{"Time":"2019-04-02T14:08:15","Situation":"flat","Id":"16670292","Type":"market","Side":"sell","OrderTime":"2019-04-02T14:07:07","Price":4.73450000,"Amount":3710.54000000},{"Time":"2019-04-02T14:08:15","Situation":"flat","Id":"16670399","Type":"market","Side":"sell","OrderTime":"2019-04-02T14:07:55","Price":4.72280000,"Amount":3168.13000000},{"Time":"2019-04-02T14:08:15","Situation":"flat","Id":"16670500","Type":"market","Side":"sell","OrderTime":"2019-04-02T14:08:00","Price":4.72280000,"Amount":3428.41000000},{"Time":"2019-04-02T14:08:15","Situation":"flat","Id":"16670501","Type":"market","Side":"sell","OrderTime":"2019-04-02T14:08:00","Price":4.72280000,"Amount":4484.20000000},{"Time":"2019-04-02T14:08:15","Situation":"flat","Id":"16670616","Type":"market","Side":"sell","OrderTime":"2019-04-02T14:08:15","Price":4.71000000,"Amount":7318.16000000},{"Time":"2019-04-02T14:09:45","Situation":"trend","Id":"16671042","Type":"market","Side":"sell","OrderTime":"2019-04-02T14:09:31","Price":4.67680000,"Amount":3343.75000000},{"Time":"2019-04-02T14:09:45","Situation":"trend","Id":"16671148","Type":"market","Side":"sell","OrderTime":"2019-04-02T14:09:44","Price":4.65000000,"Amount":4828.89000000},{"Time":"2019-04-02T14:10:05","Situation":"trend","Id":"16671267","Type":"market","Side":"sell","OrderTime":"2019-04-02T14:09:50","Price":4.64000000,"Amount":4113.31000000},{"Time":"2019-04-02T14:17:31","Situation":"flat","Id":"16673082","Type":"market","Side":"sell","OrderTime":"2019-04-02T14:16:36","Price":4.66250000,"Amount":13034.52000000},{"Time":"2019-04-02T14:17:51","Situation":"trend","Id":"16673247","Type":"market","Side":"sell","OrderTime":"2019-04-02T14:17:43","Price":4.65000000,"Amount":3926.78000000},{"Time":"2019-04-02T14:17:51","Situation":"trend","Id":"16673248","Type":"market","Side":"sell","OrderTime":"2019-04-02T14:17:43","Price":4.65000000,"Amount":3564.55000000},{"Time":"2019-04-02T14:22:09","Situation":"trend","Id":"16673955","Type":"market","Side":"buy","OrderTime":"2019-04-02T14:21:46","Price":4.62440000,"Amount":3597.47000000},{"Time":"2019-04-02T14:22:09","Situation":"trend","Id":"16673978","Type":"market","Side":"buy","OrderTime":"2019-04-02T14:21:57","Price":4.62820000,"Amount":3277.49000000},{"Time":"2019-04-02T14:32:33","Situation":"trend","Id":"16674850","Type":"market","Side":"sell","OrderTime":"2019-04-02T14:30:34","Price":4.65010000,"Amount":3236.03000000},{"Time":"2019-04-02T14:49:46","Situation":"flat","Id":"16676295","Type":"market","Side":"sell","OrderTime":"2019-04-02T14:49:21","Price":4.67070000,"Amount":3703.84000000},{"Time":"2019-04-02T15:28:24","Situation":"flat","Id":"16678515","Type":"market","Side":"buy","OrderTime":"2019-04-02T15:25:55","Price":4.63520000,"Amount":3056.25000000},{"Time":"2019-04-02T15:28:24","Situation":"flat","Id":"16678522","Type":"market","Side":"buy","OrderTime":"2019-04-02T15:25:56","Price":4.63520000,"Amount":5497.22000000},{"Time":"2019-04-02T15:28:24","Situation":"flat","Id":"16678524","Type":"market","Side":"buy","OrderTime":"2019-04-02T15:25:56","Price":4.63520000,"Amount":5539.08000000},{"Time":"2019-04-02T15:28:24","Situation":"flat","Id":"16678542","Type":"market","Side":"buy","OrderTime":"2019-04-02T15:26:02","Price":4.63520000,"Amount":7993.80000000},{"Time":"2019-04-02T15:48:34","Situation":"flat","Id":"16679360","Type":"market","Side":"buy","OrderTime":"2019-04-02T15:45:54","Price":4.65400000,"Amount":4299.15000000},{"Time":"2019-04-02T16:58:48","Situation":"flat","Id":"16684540","Type":"market","Side":"sell","OrderTime":"2019-04-02T16:56:29","Price":4.75020000,"Amount":3258.07000000},{"Time":"2019-04-02T17:02:25","Situation":"trend","Id":"16684813","Type":"market","Side":"sell","OrderTime":"2019-04-02T17:00:33","Price":4.75000000,"Amount":3232.94000000},{"Time":"2019-04-02T17:46:18","Situation":"flat","Id":"16687157","Type":"market","Side":"sell","OrderTime":"2019-04-02T17:42:23","Price":4.73030000,"Amount":3965.23000000},{"Time":"2019-04-02T18:41:35","Situation":"flat","Id":"16689310","Type":"market","Side":"buy","OrderTime":"2019-04-02T18:36:48","Price":4.73000000,"Amount":10547.32000000},{"Time":"2019-04-02T18:41:35","Situation":"flat","Id":"16689311","Type":"market","Side":"buy","OrderTime":"2019-04-02T18:36:48","Price":4.73000000,"Amount":4083.86000000},{"Time":"2019-04-02T19:51:08","Situation":"flat","Id":"16692146","Type":"market","Side":"buy","OrderTime":"2019-04-02T19:46:08","Price":4.80000000,"Amount":3094.20000000},{"Time":"2019-04-02T19:54:34","Situation":"trend","Id":"16693362","Type":"market","Side":"sell","OrderTime":"2019-04-02T19:51:38","Price":4.79350000,"Amount":3621.33000000},{"Time":"2019-04-02T20:10:52","Situation":"flat","Id":"16695536","Type":"market","Side":"sell","OrderTime":"2019-04-02T20:06:16","Price":4.80930000,"Amount":3408.70000000},{"Time":"2019-04-02T20:33:49","Situation":"trend","Id":"16698283","Type":"market","Side":"sell","OrderTime":"2019-04-02T20:33:41","Price":4.80300000,"Amount":8908.98000000},{"Time":"2019-04-02T20:33:49","Situation":"trend","Id":"16698294","Type":"market","Side":"sell","OrderTime":"2019-04-02T20:33:41","Price":4.80300000,"Amount":16392.47000000},{"Time":"2019-04-02T21:26:25","Situation":"flat","Id":"16701713","Type":"market","Side":"buy","OrderTime":"2019-04-02T21:22:38","Price":4.82650000,"Amount":21021.91000000},{"Time":"2019-04-02T22:18:44","Situation":"trend","Id":"16704164","Type":"market","Side":"buy","OrderTime":"2019-04-02T22:18:00","Price":4.87000000,"Amount":5103.84000000},{"Time":"2019-04-02T22:23:44","Situation":"flat","Id":"16704325","Type":"market","Side":"sell","OrderTime":"2019-04-02T22:19:05","Price":4.88370000,"Amount":3244.73000000},{"Time":"2019-04-02T22:23:44","Situation":"flat","Id":"16704662","Type":"market","Side":"buy","OrderTime":"2019-04-02T22:23:10","Price":4.89580000,"Amount":9108.01000000},{"Time":"2019-04-02T22:25:59","Situation":"trend","Id":"16704998","Type":"market","Side":"sell","OrderTime":"2019-04-02T22:25:35","Price":4.90000000,"Amount":3824.05000000},{"Time":"2019-04-02T22:32:22","Situation":"trend","Id":"16705496","Type":"market","Side":"sell","OrderTime":"2019-04-02T22:32:18","Price":4.89100000,"Amount":3435.34000000},{"Time":"2019-04-02T22:47:00","Situation":"trend","Id":"16706926","Type":"market","Side":"buy","OrderTime":"2019-04-02T22:46:56","Price":4.93200000,"Amount":4589.00000000},{"Time":"2019-04-02T22:50:09","Situation":"trend","Id":"16707508","Type":"market","Side":"buy","OrderTime":"2019-04-02T22:49:15","Price":4.95000000,"Amount":3707.94000000},{"Time":"2019-04-02T22:53:33","Situation":"trend","Id":"16708309","Type":"market","Side":"sell","OrderTime":"2019-04-02T22:53:27","Price":4.95000000,"Amount":11941.73000000},{"Time":"2019-04-02T23:00:19","Situation":"trend","Id":"16709497","Type":"market","Side":"buy","OrderTime":"2019-04-02T22:59:44","Price":4.98000000,"Amount":5000.00000000},{"Time":"2019-04-02T23:00:19","Situation":"trend","Id":"16709541","Type":"market","Side":"buy","OrderTime":"2019-04-02T23:00:18","Price":4.99000000,"Amount":4105.45000000},{"Time":"2019-04-02T23:00:19","Situation":"trend","Id":"16709563","Type":"market","Side":"buy","OrderTime":"2019-04-02T23:00:18","Price":5.00000000,"Amount":17137.14000000},{"Time":"2019-04-02T23:01:34","Situation":"trend","Id":"16709695","Type":"market","Side":"buy","OrderTime":"2019-04-02T23:00:57","Price":5.00000000,"Amount":25038.17000000},{"Time":"2019-04-02T23:01:34","Situation":"trend","Id":"16709706","Type":"market","Side":"buy","OrderTime":"2019-04-02T23:01:01","Price":5.00000000,"Amount":4659.00000000},{"Time":"2019-04-02T23:01:34","Situation":"trend","Id":"16709708","Type":"market","Side":"buy","OrderTime":"2019-04-02T23:01:01","Price":5.00000000,"Amount":5597.32000000},{"Time":"2019-04-02T23:01:34","Situation":"trend","Id":"16709710","Type":"market","Side":"buy","OrderTime":"2019-04-02T23:01:01","Price":5.00000000,"Amount":4550.08000000},{"Time":"2019-04-02T23:01:34","Situation":"trend","Id":"16709878","Type":"market","Side":"buy","OrderTime":"2019-04-02T23:01:25","Price":5.01220000,"Amount":4440.00000000},{"Time":"2019-04-02T23:01:34","Situation":"trend","Id":"16709882","Type":"market","Side":"buy","OrderTime":"2019-04-02T23:01:25","Price":5.01660000,"Amount":3009.79000000},{"Time":"2019-04-02T23:03:39","Situation":"trend","Id":"16710570","Type":"market","Side":"sell","OrderTime":"2019-04-02T23:03:20","Price":5.00000000,"Amount":8500.25000000},{"Time":"2019-04-02T23:04:24","Situation":"trend","Id":"16710640","Type":"market","Side":"sell","OrderTime":"2019-04-02T23:03:50","Price":4.99000000,"Amount":3160.65000000},{"Time":"2019-04-02T23:09:24","Situation":"trend","Id":"16711973","Type":"market","Side":"sell","OrderTime":"2019-04-02T23:09:20","Price":4.94770000,"Amount":12382.74000000},{"Time":"2019-04-02T23:11:40","Situation":"trend","Id":"16712134","Type":"market","Side":"sell","OrderTime":"2019-04-02T23:09:41","Price":4.94000000,"Amount":10000.00000000},{"Time":"2019-04-02T23:13:50","Situation":"trend","Id":"16712901","Type":"market","Side":"sell","OrderTime":"2019-04-02T23:13:05","Price":4.96500000,"Amount":5321.82000000},{"Time":"2019-04-02T23:13:50","Situation":"trend","Id":"16712924","Type":"market","Side":"buy","OrderTime":"2019-04-02T23:13:08","Price":4.96500000,"Amount":9798.32000000},{"Time":"2019-04-02T23:13:50","Situation":"trend","Id":"16712931","Type":"market","Side":"buy","OrderTime":"2019-04-02T23:13:08","Price":4.96500000,"Amount":3975.46000000},{"Time":"2019-04-02T23:17:17","Situation":"trend","Id":"16713703","Type":"market","Side":"buy","OrderTime":"2019-04-02T23:16:45","Price":5.00000000,"Amount":3638.70000000},{"Time":"2019-04-02T23:17:17","Situation":"trend","Id":"16713710","Type":"market","Side":"buy","OrderTime":"2019-04-02T23:16:47","Price":5.00000000,"Amount":6008.64000000},{"Time":"2019-04-02T23:17:17","Situation":"trend","Id":"16713858","Type":"market","Side":"buy","OrderTime":"2019-04-02T23:17:11","Price":5.00000000,"Amount":4874.08000000},{"Time":"2019-04-02T23:23:15","Situation":"trend","Id":"16714763","Type":"market","Side":"sell","OrderTime":"2019-04-02T23:20:53","Price":5.00230000,"Amount":3639.93000000},{"Time":"2019-04-02T23:23:15","Situation":"trend","Id":"16714768","Type":"market","Side":"sell","OrderTime":"2019-04-02T23:20:53","Price":5.00000000,"Amount":7730.60000000},{"Time":"2019-04-02T23:23:15","Situation":"trend","Id":"16714775","Type":"market","Side":"buy","OrderTime":"2019-04-02T23:20:54","Price":5.00000000,"Amount":5303.13000000},{"Time":"2019-04-02T23:29:25","Situation":"flat","Id":"16716019","Type":"market","Side":"sell","OrderTime":"2019-04-02T23:27:13","Price":4.99620000,"Amount":3800.00000000},{"Time":"2019-04-02T23:33:09","Situation":"trend","Id":"16716464","Type":"market","Side":"buy","OrderTime":"2019-04-02T23:30:35","Price":4.99750000,"Amount":5400.00000000},{"Time":"2019-04-02T23:33:09","Situation":"trend","Id":"16716475","Type":"market","Side":"sell","OrderTime":"2019-04-02T23:30:35","Price":5.01000000,"Amount":3019.16000000},{"Time":"2019-04-02T23:33:09","Situation":"trend","Id":"16716479","Type":"market","Side":"sell","OrderTime":"2019-04-02T23:30:35","Price":5.01000000,"Amount":6018.71000000},{"Time":"2019-04-02T23:33:09","Situation":"trend","Id":"16716862","Type":"market","Side":"buy","OrderTime":"2019-04-02T23:33:08","Price":5.00480000,"Amount":3803.18000000},{"Time":"2019-04-02T23:37:46","Situation":"trend","Id":"16717479","Type":"market","Side":"buy","OrderTime":"2019-04-02T23:37:41","Price":5.04000000,"Amount":6869.51000000},{"Time":"2019-04-02T23:37:46","Situation":"trend","Id":"16717495","Type":"market","Side":"buy","OrderTime":"2019-04-02T23:37:41","Price":5.04000000,"Amount":3180.58000000},{"Time":"2019-04-02T23:50:19","Situation":"trend","Id":"16719998","Type":"market","Side":"buy","OrderTime":"2019-04-02T23:49:47","Price":5.04000000,"Amount":4496.96000000},{"Time":"2019-04-02T23:55:44","Situation":"trend","Id":"16721076","Type":"market","Side":"sell","OrderTime":"2019-04-02T23:54:34","Price":5.03500000,"Amount":9974.71000000},{"Time":"2019-04-03T00:00:44","Situation":"flat","Id":"16721264","Type":"market","Side":"sell","OrderTime":"2019-04-02T23:56:39","Price":5.02360000,"Amount":3390.02000000},{"Time":"2019-04-03T00:05:18","Situation":"trend","Id":"16722162","Type":"market","Side":"sell","OrderTime":"2019-04-03T00:04:23","Price":5.05000000,"Amount":3144.46000000},{"Time":"2019-04-03T00:12:20","Situation":"flat","Id":"16722718","Type":"market","Side":"sell","OrderTime":"2019-04-03T00:07:57","Price":5.03900000,"Amount":5000.01000000},{"Time":"2019-04-03T00:18:49","Situation":"flat","Id":"16723732","Type":"market","Side":"buy","OrderTime":"2019-04-03T00:17:34","Price":5.04200000,"Amount":3000.00000000},{"Time":"2019-04-03T00:18:49","Situation":"flat","Id":"16723743","Type":"market","Side":"sell","OrderTime":"2019-04-03T00:17:50","Price":5.04000000,"Amount":3021.46000000},{"Time":"2019-04-03T00:21:10","Situation":"trend","Id":"16723917","Type":"market","Side":"buy","OrderTime":"2019-04-03T00:19:56","Price":5.05200000,"Amount":3241.96000000},{"Time":"2019-04-03T00:22:40","Situation":"trend","Id":"16724292","Type":"market","Side":"buy","OrderTime":"2019-04-03T00:22:10","Price":5.06500000,"Amount":5118.51000000},{"Time":"2019-04-03T00:23:34","Situation":"trend","Id":"16724600","Type":"market","Side":"buy","OrderTime":"2019-04-03T00:23:14","Price":5.10000000,"Amount":10475.09000000},{"Time":"2019-04-03T00:26:29","Situation":"trend","Id":"16725581","Type":"market","Side":"buy","OrderTime":"2019-04-03T00:25:12","Price":5.12410000,"Amount":3082.51000000},{"Time":"2019-04-03T00:26:29","Situation":"trend","Id":"16725867","Type":"market","Side":"sell","OrderTime":"2019-04-03T00:26:09","Price":5.13000000,"Amount":5159.05000000},{"Time":"2019-04-03T00:26:29","Situation":"trend","Id":"16725920","Type":"market","Side":"sell","OrderTime":"2019-04-03T00:26:18","Price":5.13000000,"Amount":14044.39000000},{"Time":"2019-04-03T00:26:29","Situation":"trend","Id":"16725924","Type":"market","Side":"buy","OrderTime":"2019-04-03T00:26:18","Price":5.13000000,"Amount":11058.71000000},{"Time":"2019-04-03T00:30:06","Situation":"trend","Id":"16726846","Type":"market","Side":"buy","OrderTime":"2019-04-03T00:28:51","Price":5.14000000,"Amount":3455.86000000},{"Time":"2019-04-03T00:32:53","Situation":"trend","Id":"16727546","Type":"market","Side":"buy","OrderTime":"2019-04-03T00:31:03","Price":5.20000000,"Amount":3192.33000000},{"Time":"2019-04-03T00:32:53","Situation":"trend","Id":"16727691","Type":"market","Side":"buy","OrderTime":"2019-04-03T00:31:16","Price":5.19990000,"Amount":4800.00000000},{"Time":"2019-04-03T00:32:53","Situation":"trend","Id":"16727692","Type":"market","Side":"buy","OrderTime":"2019-04-03T00:31:16","Price":5.20000000,"Amount":3874.80000000},{"Time":"2019-04-03T00:41:55","Situation":"trend","Id":"16730301","Type":"market","Side":"buy","OrderTime":"2019-04-03T00:38:49","Price":5.13870000,"Amount":4465.54000000},{"Time":"2019-04-03T00:53:19","Situation":"flat","Id":"16732825","Type":"market","Side":"buy","OrderTime":"2019-04-03T00:50:28","Price":5.14320000,"Amount":3460.13000000},{"Time":"2019-04-03T00:53:19","Situation":"flat","Id":"16733207","Type":"market","Side":"sell","OrderTime":"2019-04-03T00:52:42","Price":5.15970000,"Amount":3578.97000000},{"Time":"2019-04-03T00:55:49","Situation":"trend","Id":"16733596","Type":"market","Side":"sell","OrderTime":"2019-04-03T00:55:45","Price":5.16700000,"Amount":3199.26000000},{"Time":"2019-04-03T01:00:55","Situation":"trend","Id":"16734323","Type":"market","Side":"sell","OrderTime":"2019-04-03T00:58:50","Price":5.21660000,"Amount":3491.73000000},{"Time":"2019-04-03T01:00:55","Situation":"trend","Id":"16734428","Type":"market","Side":"buy","OrderTime":"2019-04-03T00:59:09","Price":5.21420000,"Amount":3202.82000000},{"Time":"2019-04-03T01:04:35","Situation":"trend","Id":"16734994","Type":"market","Side":"sell","OrderTime":"2019-04-03T01:00:56","Price":5.19060000,"Amount":3683.02000000},{"Time":"2019-04-03T01:04:35","Situation":"trend","Id":"16735640","Type":"market","Side":"sell","OrderTime":"2019-04-03T01:03:23","Price":5.18080000,"Amount":9170.11000000},{"Time":"2019-04-03T01:04:35","Situation":"trend","Id":"16735722","Type":"market","Side":"sell","OrderTime":"2019-04-03T01:03:26","Price":5.18080000,"Amount":5397.39000000},{"Time":"2019-04-03T01:04:35","Situation":"trend","Id":"16736035","Type":"market","Side":"sell","OrderTime":"2019-04-03T01:04:23","Price":5.17260000,"Amount":14042.26000000},{"Time":"2019-04-03T01:06:00","Situation":"trend","Id":"16736249","Type":"market","Side":"buy","OrderTime":"2019-04-03T01:05:28","Price":5.13960000,"Amount":6825.07000000},{"Time":"2019-04-03T01:08:29","Situation":"trend","Id":"16736760","Type":"market","Side":"buy","OrderTime":"2019-04-03T01:07:51","Price":5.16050000,"Amount":3411.29000000},{"Time":"2019-04-03T01:12:49","Situation":"trend","Id":"16737054","Type":"market","Side":"sell","OrderTime":"2019-04-03T01:09:33","Price":5.16260000,"Amount":7428.74000000},{"Time":"2019-04-03T01:12:49","Situation":"trend","Id":"16737379","Type":"market","Side":"buy","OrderTime":"2019-04-03T01:11:42","Price":5.15140000,"Amount":3172.45000000},{"Time":"2019-04-03T01:17:30","Situation":"trend","Id":"16738036","Type":"market","Side":"sell","OrderTime":"2019-04-03T01:16:05","Price":5.14800000,"Amount":5327.20000000},{"Time":"2019-04-03T01:17:30","Situation":"trend","Id":"16738037","Type":"market","Side":"buy","OrderTime":"2019-04-03T01:16:05","Price":5.14780000,"Amount":7602.19000000},{"Time":"2019-04-03T01:17:30","Situation":"trend","Id":"16738038","Type":"market","Side":"buy","OrderTime":"2019-04-03T01:16:05","Price":5.14780000,"Amount":3415.92000000},{"Time":"2019-04-03T01:27:30","Situation":"flat","Id":"16739159","Type":"market","Side":"buy","OrderTime":"2019-04-03T01:25:19","Price":5.17320000,"Amount":11980.43000000},{"Time":"2019-04-03T01:36:09","Situation":"trend","Id":"16740085","Type":"market","Side":"sell","OrderTime":"2019-04-03T01:35:54","Price":5.16000000,"Amount":11104.80000000},{"Time":"2019-04-03T01:55:45","Situation":"trend","Id":"16742252","Type":"market","Side":"sell","OrderTime":"2019-04-03T01:55:39","Price":5.22980000,"Amount":3228.14000000},{"Time":"2019-04-03T02:02:39","Situation":"trend","Id":"16743516","Type":"market","Side":"sell","OrderTime":"2019-04-03T02:00:11","Price":5.25850000,"Amount":3060.53000000},{"Time":"2019-04-03T02:02:59","Situation":"trend","Id":"16744065","Type":"market","Side":"buy","OrderTime":"2019-04-03T02:02:56","Price":5.30000000,"Amount":4145.31000000},{"Time":"2019-04-03T02:07:38","Situation":"trend","Id":"16745470","Type":"market","Side":"buy","OrderTime":"2019-04-03T02:07:38","Price":5.40000000,"Amount":4643.57000000},{"Time":"2019-04-03T02:09:19","Situation":"trend","Id":"16746199","Type":"market","Side":"buy","OrderTime":"2019-04-03T02:09:02","Price":5.39250000,"Amount":4378.31000000},{"Time":"2019-04-03T02:09:19","Situation":"trend","Id":"16746250","Type":"market","Side":"buy","OrderTime":"2019-04-03T02:09:14","Price":5.40000000,"Amount":3347.57000000},{"Time":"2019-04-03T02:09:19","Situation":"trend","Id":"16746263","Type":"market","Side":"buy","OrderTime":"2019-04-03T02:09:15","Price":5.40000000,"Amount":11713.14000000},{"Time":"2019-04-03T02:09:19","Situation":"trend","Id":"16746264","Type":"market","Side":"buy","OrderTime":"2019-04-03T02:09:15","Price":5.40000000,"Amount":6033.18000000},{"Time":"2019-04-03T02:11:29","Situation":"trend","Id":"16746361","Type":"market","Side":"sell","OrderTime":"2019-04-03T02:09:22","Price":5.40000000,"Amount":3820.97000000},{"Time":"2019-04-03T02:11:29","Situation":"trend","Id":"16746857","Type":"market","Side":"buy","OrderTime":"2019-04-03T02:11:00","Price":5.39280000,"Amount":12095.30000000},{"Time":"2019-04-03T02:25:47","Situation":"trend","Id":"16749949","Type":"market","Side":"buy","OrderTime":"2019-04-03T02:24:16","Price":5.41030000,"Amount":4438.22000000},{"Time":"2019-04-03T02:32:05","Situation":"trend","Id":"16751498","Type":"market","Side":"sell","OrderTime":"2019-04-03T02:31:56","Price":5.36000000,"Amount":13827.87000000},{"Time":"2019-04-03T02:43:27","Situation":"trend","Id":"16753247","Type":"market","Side":"buy","OrderTime":"2019-04-03T02:42:36","Price":5.38780000,"Amount":3098.30000000},{"Time":"2019-04-03T02:53:14","Situation":"trend","Id":"16755135","Type":"market","Side":"sell","OrderTime":"2019-04-03T02:52:50","Price":5.40290000,"Amount":4292.84000000},{"Time":"2019-04-03T02:58:15","Situation":"flat","Id":"16756296","Type":"market","Side":"sell","OrderTime":"2019-04-03T02:56:50","Price":5.38640000,"Amount":3647.00000000},{"Time":"2019-04-03T03:05:53","Situation":"trend","Id":"16757411","Type":"market","Side":"buy","OrderTime":"2019-04-03T03:03:07","Price":5.35450000,"Amount":3545.08000000},{"Time":"2019-04-03T03:15:05","Situation":"trend","Id":"16761116","Type":"market","Side":"sell","OrderTime":"2019-04-03T03:15:05","Price":5.18710000,"Amount":3506.58000000},{"Time":"2019-04-03T03:25:19","Situation":"flat","Id":"16763727","Type":"market","Side":"sell","OrderTime":"2019-04-03T03:21:40","Price":5.21100000,"Amount":11951.37000000},{"Time":"2019-04-03T03:25:19","Situation":"flat","Id":"16763728","Type":"market","Side":"sell","OrderTime":"2019-04-03T03:21:41","Price":5.21100000,"Amount":11222.11000000},{"Time":"2019-04-03T03:39:54","Situation":"trend","Id":"16766317","Type":"market","Side":"sell","OrderTime":"2019-04-03T03:38:53","Price":5.29000000,"Amount":4435.63000000},{"Time":"2019-04-03T03:43:55","Situation":"trend","Id":"16766413","Type":"market","Side":"sell","OrderTime":"2019-04-03T03:40:08","Price":5.30130000,"Amount":5339.87000000},{"Time":"2019-04-03T03:53:29","Situation":"trend","Id":"16767799","Type":"market","Side":"sell","OrderTime":"2019-04-03T03:48:46","Price":5.23720000,"Amount":3573.86000000},{"Time":"2019-04-03T03:53:29","Situation":"trend","Id":"16767980","Type":"market","Side":"buy","OrderTime":"2019-04-03T03:49:42","Price":5.23040000,"Amount":10191.22000000},{"Time":"2019-04-03T04:02:29","Situation":"trend","Id":"16769398","Type":"market","Side":"sell","OrderTime":"2019-04-03T04:01:58","Price":5.19990000,"Amount":4308.35000000},{"Time":"2019-04-03T04:03:40","Situation":"trend","Id":"16769683","Type":"market","Side":"buy","OrderTime":"2019-04-03T04:02:47","Price":5.15000000,"Amount":3020.02000000},{"Time":"2019-04-03T04:03:40","Situation":"trend","Id":"16769687","Type":"market","Side":"buy","OrderTime":"2019-04-03T04:02:47","Price":5.15000000,"Amount":3228.54000000},{"Time":"2019-04-03T04:19:20","Situation":"trend","Id":"16773662","Type":"market","Side":"sell","OrderTime":"2019-04-03T04:19:13","Price":5.02000000,"Amount":3859.49000000},{"Time":"2019-04-03T04:20:15","Situation":"trend","Id":"16773840","Type":"market","Side":"sell","OrderTime":"2019-04-03T04:19:32","Price":5.00000000,"Amount":3573.44000000},{"Time":"2019-04-03T04:25:54","Situation":"trend","Id":"16774737","Type":"market","Side":"buy","OrderTime":"2019-04-03T04:22:14","Price":5.08360000,"Amount":4965.29000000},{"Time":"2019-04-03T04:31:40","Situation":"trend","Id":"16775821","Type":"market","Side":"sell","OrderTime":"2019-04-03T04:28:52","Price":5.13540000,"Amount":3396.38000000},{"Time":"2019-04-03T04:31:40","Situation":"trend","Id":"16775925","Type":"market","Side":"sell","OrderTime":"2019-04-03T04:29:27","Price":5.12050000,"Amount":5555.63000000},{"Time":"2019-04-03T04:31:40","Situation":"trend","Id":"16776196","Type":"market","Side":"sell","OrderTime":"2019-04-03T04:31:36","Price":5.11060000,"Amount":6664.63000000},{"Time":"2019-04-03T04:36:28","Situation":"trend","Id":"16776567","Type":"market","Side":"sell","OrderTime":"2019-04-03T04:34:23","Price":5.09420000,"Amount":3325.95000000},{"Time":"2019-04-03T04:50:54","Situation":"trend","Id":"16779084","Type":"market","Side":"sell","OrderTime":"2019-04-03T04:50:50","Price":5.00000000,"Amount":6367.63000000},{"Time":"2019-04-03T04:51:55","Situation":"trend","Id":"16779491","Type":"market","Side":"buy","OrderTime":"2019-04-03T04:51:16","Price":4.98440000,"Amount":3437.34000000},{"Time":"2019-04-03T04:55:04","Situation":"trend","Id":"16780358","Type":"market","Side":"buy","OrderTime":"2019-04-03T04:53:56","Price":5.02420000,"Amount":3636.48000000},{"Time":"2019-04-03T05:00:06","Situation":"flat","Id":"16781744","Type":"market","Side":"sell","OrderTime":"2019-04-03T04:59:59","Price":5.04440000,"Amount":3258.00000000},{"Time":"2019-04-03T05:03:28","Situation":"trend","Id":"16782172","Type":"market","Side":"buy","OrderTime":"2019-04-03T05:02:00","Price":5.08500000,"Amount":4170.17000000},{"Time":"2019-04-03T05:12:49","Situation":"flat","Id":"16783338","Type":"market","Side":"sell","OrderTime":"2019-04-03T05:08:51","Price":5.09800000,"Amount":5329.04000000},{"Time":"2019-04-03T05:12:49","Situation":"flat","Id":"16783410","Type":"market","Side":"sell","OrderTime":"2019-04-03T05:09:45","Price":5.09560000,"Amount":7228.12000000},{"Time":"2019-04-03T05:24:10","Situation":"trend","Id":"16784849","Type":"market","Side":"buy","OrderTime":"2019-04-03T05:23:16","Price":5.15000000,"Amount":6047.71000000},{"Time":"2019-04-03T05:29:10","Situation":"flat","Id":"16785304","Type":"market","Side":"sell","OrderTime":"2019-04-03T05:26:38","Price":5.17100000,"Amount":3162.29000000},{"Time":"2019-04-03T05:34:39","Situation":"trend","Id":"16786008","Type":"market","Side":"buy","OrderTime":"2019-04-03T05:33:00","Price":5.14500000,"Amount":19336.56000000},{"Time":"2019-04-03T06:20:04","Situation":"flat","Id":"16789897","Type":"market","Side":"sell","OrderTime":"2019-04-03T06:16:18","Price":5.12110000,"Amount":15742.91000000},{"Time":"2019-04-03T06:20:04","Situation":"flat","Id":"16790070","Type":"market","Side":"buy","OrderTime":"2019-04-03T06:17:59","Price":5.13250000,"Amount":3975.53000000},{"Time":"2019-04-03T06:20:04","Situation":"flat","Id":"16790131","Type":"market","Side":"sell","OrderTime":"2019-04-03T06:18:37","Price":5.13540000,"Amount":3378.81000000},{"Time":"2019-04-03T06:20:04","Situation":"flat","Id":"16790188","Type":"market","Side":"sell","OrderTime":"2019-04-03T06:19:10","Price":5.13550000,"Amount":11874.45000000},{"Time":"2019-04-03T06:55:05","Situation":"flat","Id":"16793011","Type":"market","Side":"sell","OrderTime":"2019-04-03T06:51:16","Price":5.13950000,"Amount":6225.00000000},{"Time":"2019-04-03T06:58:33","Situation":"trend","Id":"16793850","Type":"market","Side":"buy","OrderTime":"2019-04-03T06:56:15","Price":5.17350000,"Amount":7243.22000000},{"Time":"2019-04-03T06:58:33","Situation":"trend","Id":"16793851","Type":"market","Side":"buy","OrderTime":"2019-04-03T06:56:15","Price":5.17350000,"Amount":19886.55000000},{"Time":"2019-04-03T07:03:34","Situation":"flat","Id":"16794397","Type":"market","Side":"sell","OrderTime":"2019-04-03T06:59:59","Price":5.16890000,"Amount":7519.76000000},{"Time":"2019-04-03T07:07:33","Situation":"trend","Id":"16794932","Type":"market","Side":"sell","OrderTime":"2019-04-03T07:05:43","Price":5.17140000,"Amount":16603.74000000},{"Time":"2019-04-03T08:28:34","Situation":"flat","Id":"16801519","Type":"market","Side":"buy","OrderTime":"2019-04-03T08:23:59","Price":5.07230000,"Amount":9411.88000000},{"Time":"2019-04-03T09:03:37","Situation":"flat","Id":"16803488","Type":"market","Side":"buy","OrderTime":"2019-04-03T09:02:15","Price":5.11860000,"Amount":3349.30000000},{"Time":"2019-04-03T09:36:44","Situation":"flat","Id":"16805006","Type":"market","Side":"buy","OrderTime":"2019-04-03T09:34:26","Price":5.10000000,"Amount":4980.41000000},{"Time":"2019-04-03T09:36:44","Situation":"flat","Id":"16805045","Type":"market","Side":"buy","OrderTime":"2019-04-03T09:34:48","Price":5.10000000,"Amount":11397.06000000},{"Time":"2019-04-03T09:51:38","Situation":"flat","Id":"16805771","Type":"market","Side":"buy","OrderTime":"2019-04-03T09:50:56","Price":5.11000000,"Amount":13585.80000000},{"Time":"2019-04-03T10:01:19","Situation":"trend","Id":"16806774","Type":"market","Side":"buy","OrderTime":"2019-04-03T10:01:15","Price":5.16850000,"Amount":4020.75000000},{"Time":"2019-04-03T10:05:52","Situation":"trend","Id":"16807533","Type":"market","Side":"buy","OrderTime":"2019-04-03T10:05:46","Price":5.20000000,"Amount":4832.01000000},{"Time":"2019-04-03T10:05:52","Situation":"trend","Id":"16807534","Type":"market","Side":"buy","OrderTime":"2019-04-03T10:05:46","Price":5.20000000,"Amount":7831.35000000},{"Time":"2019-04-03T10:05:52","Situation":"trend","Id":"16807572","Type":"market","Side":"buy","OrderTime":"2019-04-03T10:05:49","Price":5.20000000,"Amount":4244.97000000},{"Time":"2019-04-03T10:27:15","Situation":"flat","Id":"16808953","Type":"market","Side":"sell","OrderTime":"2019-04-03T10:23:09","Price":5.17010000,"Amount":3017.36000000},{"Time":"2019-04-03T10:27:15","Situation":"flat","Id":"16808954","Type":"market","Side":"sell","OrderTime":"2019-04-03T10:23:09","Price":5.17010000,"Amount":3771.55000000},{"Time":"2019-04-03T10:43:00","Situation":"flat","Id":"16810053","Type":"market","Side":"sell","OrderTime":"2019-04-03T10:40:07","Price":5.16750000,"Amount":4622.05000000},{"Time":"2019-04-03T11:01:30","Situation":"flat","Id":"16810660","Type":"market","Side":"buy","OrderTime":"2019-04-03T10:56:39","Price":5.12050000,"Amount":5700.99000000},{"Time":"2019-04-03T11:26:08","Situation":"trend","Id":"16812265","Type":"market","Side":"buy","OrderTime":"2019-04-03T11:25:47","Price":5.15500000,"Amount":3276.76000000},{"Time":"2019-04-03T11:35:11","Situation":"trend","Id":"16812630","Type":"market","Side":"buy","OrderTime":"2019-04-03T11:34:28","Price":5.16000000,"Amount":4556.44000000},{"Time":"2019-04-03T11:35:11","Situation":"trend","Id":"16812638","Type":"market","Side":"buy","OrderTime":"2019-04-03T11:34:28","Price":5.16200000,"Amount":9242.95000000},{"Time":"2019-04-03T12:20:06","Situation":"flat","Id":"16815907","Type":"market","Side":"buy","OrderTime":"2019-04-03T12:15:56","Price":5.21500000,"Amount":5315.18000000},{"Time":"2019-04-03T12:27:17","Situation":"trend","Id":"16817149","Type":"market","Side":"buy","OrderTime":"2019-04-03T12:24:57","Price":5.25000000,"Amount":7302.03000000},{"Time":"2019-04-03T12:27:17","Situation":"trend","Id":"16817171","Type":"market","Side":"sell","OrderTime":"2019-04-03T12:25:02","Price":5.24790000,"Amount":3502.42000000},{"Time":"2019-04-03T12:40:06","Situation":"trend","Id":"16819306","Type":"market","Side":"buy","OrderTime":"2019-04-03T12:39:57","Price":5.13640000,"Amount":3995.47000000},{"Time":"2019-04-03T12:48:06","Situation":"trend","Id":"16820297","Type":"market","Side":"buy","OrderTime":"2019-04-03T12:46:31","Price":5.14410000,"Amount":3956.05000000},{"Time":"2019-04-03T12:48:06","Situation":"trend","Id":"16820471","Type":"market","Side":"buy","OrderTime":"2019-04-03T12:47:43","Price":5.16500000,"Amount":8901.98000000},{"Time":"2019-04-03T12:48:06","Situation":"trend","Id":"16820476","Type":"market","Side":"buy","OrderTime":"2019-04-03T12:47:44","Price":5.16500000,"Amount":4956.65000000},{"Time":"2019-04-03T12:48:06","Situation":"trend","Id":"16820481","Type":"market","Side":"buy","OrderTime":"2019-04-03T12:47:50","Price":5.16500000,"Amount":5501.80000000},{"Time":"2019-04-03T12:53:07","Situation":"flat","Id":"16820600","Type":"market","Side":"buy","OrderTime":"2019-04-03T12:49:14","Price":5.16000000,"Amount":5087.34000000},{"Time":"2019-04-03T12:53:07","Situation":"flat","Id":"16820624","Type":"market","Side":"buy","OrderTime":"2019-04-03T12:49:44","Price":5.16500000,"Amount":10269.29000000}