{"OrderBookAsks":[],"OrderBookBids":[],"TradeHistory":[{"Time":"2019-04-16T00:54:30","Situation":"flat","Id":"17908991","Type":"market","Side":"buy","OrderTime":"2019-04-16T00:52:44","Price":0.31744000,"Amount":36158.60000000},{"Time":"2019-04-16T01:24:43","Situation":"flat","Id":"17909716","Type":"market","Side":"sell","OrderTime":"2019-04-16T01:24:39","Price":0.31887000,"Amount":24582.50000000},{"Time":"2019-04-16T02:15:04","Situation":"flat","Id":"17910948","Type":"market","Side":"sell","OrderTime":"2019-04-16T02:10:06","Price":0.31937000,"Amount":30758.90000000},{"Time":"2019-04-16T02:45:11","Situation":"flat","Id":"17911573","Type":"market","Side":"sell","OrderTime":"2019-04-16T02:42:12","Price":0.31852000,"Amount":23578.90000000},{"Time":"2019-04-16T03:10:21","Situation":"flat","Id":"17912045","Type":"market","Side":"sell","OrderTime":"2019-04-16T03:09:38","Price":0.31911000,"Amount":27552.00000000},{"Time":"2019-04-16T03:25:25","Situation":"flat","Id":"17912288","Type":"market","Side":"sell","OrderTime":"2019-04-16T03:22:19","Price":0.31933000,"Amount":26825.10000000},{"Time":"2019-04-16T04:10:40","Situation":"flat","Id":"17913000","Type":"market","Side":"buy","OrderTime":"2019-04-16T04:07:12","Price":0.31999000,"Amount":28080.70000000},{"Time":"2019-04-16T04:15:41","Situation":"flat","Id":"17913172","Type":"market","Side":"sell","OrderTime":"2019-04-16T04:14:52","Price":0.32000000,"Amount":54999.30000000},{"Time":"2019-04-16T04:20:45","Situation":"flat","Id":"17913265","Type":"market","Side":"sell","OrderTime":"2019-04-16T04:20:21","Price":0.31982000,"Amount":22937.60000000},{"Time":"2019-04-16T04:20:45","Situation":"flat","Id":"17913266","Type":"market","Side":"sell","OrderTime":"2019-04-16T04:20:21","Price":0.31981000,"Amount":32861.30000000},{"Time":"2019-04-16T06:06:38","Situation":"flat","Id":"17915302","Type":"market","Side":"sell","OrderTime":"2019-04-16T06:02:48","Price":0.31882000,"Amount":46425.50000000},{"Time":"2019-04-16T06:06:38","Situation":"flat","Id":"17915383","Type":"market","Side":"buy","OrderTime":"2019-04-16T06:04:52","Price":0.31857000,"Amount":59920.90000000},{"Time":"2019-04-16T06:06:38","Situation":"flat","Id":"17915389","Type":"market","Side":"buy","OrderTime":"2019-04-16T06:05:03","Price":0.31861000,"Amount":21019.40000000},{"Time":"2019-04-16T07:32:18","Situation":"flat","Id":"17917069","Type":"market","Side":"buy","OrderTime":"2019-04-16T07:30:48","Price":0.32000000,"Amount":79739.90000000},{"Time":"2019-04-16T07:52:24","Situation":"flat","Id":"17917370","Type":"market","Side":"buy","OrderTime":"2019-04-16T07:49:16","Price":0.32000000,"Amount":107720.00000000},{"Time":"2019-04-16T08:12:35","Situation":"flat","Id":"17917669","Type":"market","Side":"buy","OrderTime":"2019-04-16T08:08:05","Price":0.32030000,"Amount":21875.00000000},{"Time":"2019-04-16T08:12:35","Situation":"flat","Id":"17917672","Type":"market","Side":"buy","OrderTime":"2019-04-16T08:08:06","Price":0.32030000,"Amount":28125.00000000},{"Time":"2019-04-16T08:12:35","Situation":"flat","Id":"17917676","Type":"market","Side":"sell","OrderTime":"2019-04-16T08:08:06","Price":0.32009000,"Amount":24652.40000000},{"Time":"2019-04-16T08:37:45","Situation":"flat","Id":"17918092","Type":"market","Side":"buy","OrderTime":"2019-04-16T08:33:03","Price":0.32050000,"Amount":21207.70000000},{"Time":"2019-04-16T08:37:45","Situation":"flat","Id":"17918102","Type":"market","Side":"sell","OrderTime":"2019-04-16T08:33:06","Price":0.32068000,"Amount":21087.90000000},{"Time":"2019-04-16T08:37:45","Situation":"flat","Id":"17918160","Type":"market","Side":"sell","OrderTime":"2019-04-16T08:33:32","Price":0.32015000,"Amount":22491.80000000},{"Time":"2019-04-16T08:42:46","Situation":"flat","Id":"17918436","Type":"market","Side":"buy","OrderTime":"2019-04-16T08:40:04","Price":0.32065000,"Amount":29150.10000000},{"Time":"2019-04-16T08:47:47","Situation":"flat","Id":"17918585","Type":"market","Side":"sell","OrderTime":"2019-04-16T08:44:59","Price":0.32123000,"Amount":40440.70000000},{"Time":"2019-04-16T08:47:47","Situation":"flat","Id":"17918590","Type":"market","Side":"sell","OrderTime":"2019-04-16T08:44:59","Price":0.32123000,"Amount":22369.60000000},{"Time":"2019-04-16T08:52:51","Situation":"flat","Id":"17918789","Type":"market","Side":"sell","OrderTime":"2019-04-16T08:48:01","Price":0.32208000,"Amount":31642.20000000},{"Time":"2019-04-16T09:28:06","Situation":"flat","Id":"17919772","Type":"market","Side":"buy","OrderTime":"2019-04-16T09:23:43","Price":0.32187000,"Amount":22097.90000000},{"Time":"2019-04-16T10:23:35","Situation":"flat","Id":"17921001","Type":"market","Side":"sell","OrderTime":"2019-04-16T10:23:05","Price":0.31841000,"Amount":25474.90000000},{"Time":"2019-04-16T10:38:39","Situation":"flat","Id":"17921331","Type":"market","Side":"buy","OrderTime":"2019-04-16T10:35:27","Price":0.31880000,"Amount":27911.60000000},{"Time":"2019-04-16T10:58:43","Situation":"flat","Id":"17921794","Type":"market","Side":"buy","OrderTime":"2019-04-16T10:56:01","Price":0.31860000,"Amount":28848.80000000},{"Time":"2019-04-16T10:58:43","Situation":"flat","Id":"17921797","Type":"market","Side":"buy","OrderTime":"2019-04-16T10:56:02","Price":0.31860000,"Amount":28854.30000000},{"Time":"2019-04-16T10:58:43","Situation":"flat","Id":"17921811","Type":"market","Side":"buy","OrderTime":"2019-04-16T10:56:47","Price":0.31860000,"Amount":57409.60000000},{"Time":"2019-04-16T11:03:46","Situation":"flat","Id":"17921917","Type":"market","Side":"sell","OrderTime":"2019-04-16T11:02:01","Price":0.31895000,"Amount":40084.30000000},{"Time":"2019-04-16T11:03:46","Situation":"flat","Id":"17921926","Type":"market","Side":"sell","OrderTime":"2019-04-16T11:02:04","Price":0.31888000,"Amount":23542.10000000},{"Time":"2019-04-16T11:59:14","Situation":"flat","Id":"17922919","Type":"market","Side":"sell","OrderTime":"2019-04-16T11:59:14","Price":0.31956000,"Amount":30153.20000000},{"Time":"2019-04-16T12:24:20","Situation":"flat","Id":"17923294","Type":"market","Side":"buy","OrderTime":"2019-04-16T12:22:30","Price":0.31936000,"Amount":21872.00000000},{"Time":"2019-04-16T12:44:28","Situation":"flat","Id":"17923805","Type":"market","Side":"sell","OrderTime":"2019-04-16T12:41:08","Price":0.31793000,"Amount":28333.70000000},{"Time":"2019-04-16T12:44:28","Situation":"flat","Id":"17923896","Type":"market","Side":"sell","OrderTime":"2019-04-16T12:41:53","Price":0.31700000,"Amount":47151.00000000}],"TradeDelta":[{"TimeFrom":"2019-04-16T00:04:16","TimeTo":"2019-04-16T00:09:19","Situation":"flat","Value":0.00000000},{"TimeFrom":"2019-04-16T00:09:19","TimeTo":"2019-04-16T00:14:20","Situation":"flat","Value":0.00000000},{"TimeFrom":"2019-04-16T00:14:20","TimeTo":"2019-04-16T00:19:20","Situation":"flat","Value":0.00000000},{"TimeFrom":"2019-04-16T00:19:20","TimeTo":"2019-04-16T00:24:21","Situation":"flat","Value":0.00000000},{"TimeFrom":"2019-04-16T00:24:21","TimeTo":"2019-04-16T00:29:26","Situation":"flat","Value":0.00000000},{"TimeFrom":"2019-04-16T00:29:26","TimeTo":"2019-04-16T00:34:28","Situation":"flat","Value":0.00000000},{"TimeFrom":"2019-04-16T00:34:28","TimeTo":"2019-04-16T00:39:28","Situation":"flat","Value":0.00000000},{"TimeFrom":"2019-04-16T00:39:28","TimeTo":"2019-04-16T00:44:30","Situation":"flat","Value":0.00000000},{"TimeFrom":"2019-04-16T00:44:30","TimeTo":"2019-04-16T00:49:30","Situation":"flat","Value":0.00000000},{"TimeFrom":"2019-04-16T00:49:30","TimeTo":"2019-04-16T00:54:30","Situation":"flat","Value":36158.60000000},{"TimeFrom":"2019-04-16T00:54:30","TimeTo":"2019-04-16T00:59:31","Situation":"flat","Value":0.00000000},{"TimeFrom":"2019-04-16T00:59:31","TimeTo":"2019-04-16T01:04:33","Situation":"flat","Value":0.00000000},{"TimeFrom":"2019-04-16T01:04:33","TimeTo":"2019-04-16T01:09:36","Situation":"flat","Value":0.00000000},{"TimeFrom":"2019-04-16T01:09:36","TimeTo":"2019-04-16T01:14:40","Situation":"flat","Value":0.00000000},{"TimeFrom":"2019-04-16T01:14:40","TimeTo":"2019-04-16T01:19:40","Situation":"flat","Value":0.00000000},{"TimeFrom":"2019-04-16T01:19:40","TimeTo":"2019-04-16T01:24:43","Situation":"flat","Value":-24582.50000000},{"TimeFrom":"2019-04-16T01:24:43","TimeTo":"2019-04-16T01:29:43","Situation":"flat","Value":0.00000000},{"TimeFrom":"2019-04-16T01:29:43","TimeTo":"2019-04-16T01:34:46","Situation":"flat","Value":0.00000000},{"TimeFrom":"2019-04-16T01:34:46","TimeTo":"2019-04-16T01:39:50","Situation":"flat","Value":0.00000000},{"TimeFrom":"2019-04-16T01:39:50","TimeTo":"2019-04-16T01:44:53","Situation":"flat","Value":0.00000000},{"TimeFrom":"2019-04-16T01:44:53","TimeTo":"2019-04-16T01:49:55","Situation":"flat","Value":0.00000000},{"TimeFrom":"2019-04-16T01:49:55","TimeTo":"2019-04-16T01:54:55","Situation":"flat","Value":0.00000000},{"TimeFrom":"2019-04-16T01:54:55","TimeTo":"2019-04-16T01:59:55","Situation":"flat","Value":0.00000000},{"TimeFrom":"2019-04-16T01:59:55","TimeTo":"2019-04-16T02:04:58","Situation":"flat","Value":0.00000000},{"TimeFrom":"2019-04-16T02:04:58","TimeTo":"2019-04-16T02:10:03","Situation":"flat","Value":0.00000000},{"TimeFrom":"2019-04-16T02:10:03","TimeTo":"2019-04-16T02:15:04","Situation":"flat","Value":-30758.90000000},{"TimeFrom":"2019-04-16T02:15:04","TimeTo":"2019-04-16T02:20:05","Situation":"flat","Value":0.00000000},{"TimeFrom":"2019-04-16T02:20:05","TimeTo":"2019-04-16T02:25:05","Situation":"flat","Value":0.00000000},{"TimeFrom":"2019-04-16T02:25:05","TimeTo":"2019-04-16T02:30:05","Situation":"flat","Value":0.00000000},{"TimeFrom":"2019-04-16T02:30:05","TimeTo":"2019-04-16T02:35:07","Situation":"flat","Value":0.00000000},{"TimeFrom":"2019-04-16T02:35:07","TimeTo":"2019-04-16T02:40:11","Situation":"flat","Value":0.00000000},{"TimeFrom":"2019-04-16T02:40:11","TimeTo":"2019-04-16T02:45:11","Situation":"flat","Value":-23578.90000000},{"TimeFrom":"2019-04-16T02:45:11","TimeTo":"2019-04-16T02:50:15","Situation":"flat","Value":0.00000000},{"TimeFrom":"2019-04-16T02:50:15","TimeTo":"2019-04-16T02:55:15","Situation":"flat","Value":0.00000000},{"TimeFrom":"2019-04-16T02:55:15","TimeTo":"2019-04-16T03:00:18","Situation":"flat","Value":0.00000000},{"TimeFrom":"2019-04-16T03:00:18","TimeTo":"2019-04-16T03:05:21","Situation":"flat","Value":0.00000000},{"TimeFrom":"2019-04-16T03:05:21","TimeTo":"2019-04-16T03:10:21","Situation":"flat","Value":-27552.00000000},{"TimeFrom":"2019-04-16T03:10:21","TimeTo":"2019-04-16T03:15:23","Situation":"flat","Value":0.00000000},{"TimeFrom":"2019-04-16T03:15:23","TimeTo":"2019-04-16T03:20:24","Situation":"flat","Value":0.00000000},{"TimeFrom":"2019-04-16T03:20:24","TimeTo":"2019-04-16T03:25:25","Situation":"flat","Value":-26825.10000000},{"TimeFrom":"2019-04-16T03:25:25","TimeTo":"2019-04-16T03:30:26","Situation":"flat","Value":0.00000000},{"TimeFrom":"2019-04-16T03:30:26","TimeTo":"2019-04-16T03:35:28","Situation":"flat","Value":0.00000000},{"TimeFrom":"2019-04-16T03:35:28","TimeTo":"2019-04-16T03:40:30","Situation":"flat","Value":0.00000000},{"TimeFrom":"2019-04-16T03:40:30","TimeTo":"2019-04-16T03:45:30","Situation":"flat","Value":0.00000000},{"TimeFrom":"2019-04-16T03:45:30","TimeTo":"2019-04-16T03:50:34","Situation":"flat","Value":0.00000000},{"TimeFrom":"2019-04-16T03:50:34","TimeTo":"2019-04-16T03:55:38","Situation":"flat","Value":0.00000000},{"TimeFrom":"2019-04-16T03:55:38","TimeTo":"2019-04-16T04:00:40","Situation":"flat","Value":0.00000000},{"TimeFrom":"2019-04-16T04:00:40","TimeTo":"2019-04-16T04:05:40","Situation":"flat","Value":0.00000000},{"TimeFrom":"2019-04-16T04:05:40","TimeTo":"2019-04-16T04:10:40","Situation":"flat","Value":28080.70000000},{"TimeFrom":"2019-04-16T04:10:40","TimeTo":"2019-04-16T04:15:41","Situation":"flat","Value":-54999.30000000},{"TimeFrom":"2019-04-16T04:15:41","TimeTo":"2019-04-16T04:20:45","Situation":"flat","Value":-55798.90000000},{"TimeFrom":"2019-04-16T04:20:45","TimeTo":"2019-04-16T04:25:48","Situation":"flat","Value":0.00000000},{"TimeFrom":"2019-04-16T04:25:48","TimeTo":"2019-04-16T04:30:50","Situation":"flat","Value":0.00000000},{"TimeFrom":"2019-04-16T04:30:50","TimeTo":"2019-04-16T04:35:53","Situation":"flat","Value":0.00000000},{"TimeFrom":"2019-04-16T04:35:53","TimeTo":"2019-04-16T04:40:56","Situation":"flat","Value":0.00000000},{"TimeFrom":"2019-04-16T04:40:56","TimeTo":"2019-04-16T04:46:00","Situation":"flat","Value":0.00000000},{"TimeFrom":"2019-04-16T04:46:00","TimeTo":"2019-04-16T04:51:02","Situation":"flat","Value":0.00000000},{"TimeFrom":"2019-04-16T04:51:02","TimeTo":"2019-04-16T04:56:06","Situation":"flat","Value":0.00000000},{"TimeFrom":"2019-04-16T04:56:06","TimeTo":"2019-04-16T05:01:10","Situation":"flat","Value":0.00000000},{"TimeFrom":"2019-04-16T05:01:10","TimeTo":"2019-04-16T05:06:13","Situation":"flat","Value":0.00000000},{"TimeFrom":"2019-04-16T05:06:13","TimeTo":"2019-04-16T05:11:14","Situation":"flat","Value":0.00000000},{"TimeFrom":"2019-04-16T05:11:14","TimeTo":"2019-04-16T05:16:18","Situation":"flat","Value":0.00000000},{"TimeFrom":"2019-04-16T05:16:18","TimeTo":"2019-04-16T05:21:20","Situation":"flat","Value":0.00000000},{"TimeFrom":"2019-04-16T05:21:20","TimeTo":"2019-04-16T05:26:20","Situation":"flat","Value":0.00000000},{"TimeFrom":"2019-04-16T05:26:20","TimeTo":"2019-04-16T05:31:23","Situation":"flat","Value":0.00000000},{"TimeFrom":"2019-04-16T05:31:23","TimeTo":"2019-04-16T05:36:26","Situation":"flat","Value":0.00000000},{"TimeFrom":"2019-04-16T05:36:26","TimeTo":"2019-04-16T05:41:27","Situation":"flat","Value":0.00000000},{"TimeFrom":"2019-04-16T05:41:27","TimeTo":"2019-04-16T05:46:31","Situation":"flat","Value":0.00000000},{"TimeFrom":"2019-04-16T05:46:31","TimeTo":"2019-04-16T05:51:31","Situation":"flat","Value":0.00000000},{"TimeFrom":"2019-04-16T05:51:31","TimeTo":"2019-04-16T05:56:31","Situation":"flat","Value":0.00000000},{"TimeFrom":"2019-04-16T05:56:31","TimeTo":"2019-04-16T06:01:34","Situation":"flat","Value":0.00000000},{"TimeFrom":"2019-04-16T06:01:34","TimeTo":"2019-04-16T06:06:38","Situation":"flat","Value":34514.80000000},{"TimeFrom":"2019-04-16T06:06:38","TimeTo":"2019-04-16T06:11:40","Situation":"flat","Value":0.00000000},{"TimeFrom":"2019-04-16T06:11:40","TimeTo":"2019-04-16T06:16:41","Situation":"flat","Value":0.00000000},{"TimeFrom":"2019-04-16T06:16:41","TimeTo":"2019-04-16T06:21:45","Situation":"flat","Value":0.00000000},{"TimeFrom":"2019-04-16T06:21:45","TimeTo":"2019-04-16T06:26:46","Situation":"flat","Value":0.00000000},{"TimeFrom":"2019-04-16T06:26:46","TimeTo":"2019-04-16T06:31:46","Situation":"flat","Value":0.00000000},{"TimeFrom":"2019-04-16T06:31:46","TimeTo":"2019-04-16T06:36:47","Situation":"flat","Value":0.00000000},{"TimeFrom":"2019-04-16T06:36:47","TimeTo":"2019-04-16T06:41:50","Situation":"flat","Value":0.00000000},{"TimeFrom":"2019-04-16T06:41:50","TimeTo":"2019-04-16T06:46:54","Situation":"flat","Value":0.00000000},{"TimeFrom":"2019-04-16T06:46:54","TimeTo":"2019-04-16T06:51:56","Situation":"flat","Value":0.00000000},{"TimeFrom":"2019-04-16T06:51:56","TimeTo":"2019-04-16T06:57:00","Situation":"flat","Value":0.00000000},{"TimeFrom":"2019-04-16T06:57:00","TimeTo":"2019-04-16T07:02:00","Situation":"flat","Value":0.00000000},{"TimeFrom":"2019-04-16T07:02:00","TimeTo":"2019-04-16T07:07:05","Situation":"flat","Value":0.00000000},{"TimeFrom":"2019-04-16T07:07:05","TimeTo":"2019-04-16T07:12:06","Situation":"flat","Value":0.00000000},{"TimeFrom":"2019-04-16T07:12:06","TimeTo":"2019-04-16T07:17:09","Situation":"flat","Value":0.00000000},{"TimeFrom":"2019-04-16T07:17:09","TimeTo":"2019-04-16T07:22:13","Situation":"flat","Value":0.00000000},{"TimeFrom":"2019-04-16T07:22:13","TimeTo":"2019-04-16T07:27:16","Situation":"flat","Value":0.00000000},{"TimeFrom":"2019-04-16T07:27:16","TimeTo":"2019-04-16T07:32:18","Situation":"flat","Value":79739.90000000},{"TimeFrom":"2019-04-16T07:32:18","TimeTo":"2019-04-16T07:37:19","Situation":"flat","Value":0.00000000},{"TimeFrom":"2019-04-16T07:37:19","TimeTo":"2019-04-16T07:42:20","Situation":"flat","Value":0.00000000},{"TimeFrom":"2019-04-16T07:42:20","TimeTo":"2019-04-16T07:47:20","Situation":"flat","Value":0.00000000},{"TimeFrom":"2019-04-16T07:47:20","TimeTo":"2019-04-16T07:52:24","Situation":"flat","Value":107720.00000000},{"TimeFrom":"2019-04-16T07:52:24","TimeTo":"2019-04-16T07:57:24","Situation":"flat","Value":0.00000000},{"TimeFrom":"2019-04-16T07:57:24","TimeTo":"2019-04-16T08:02:27","Situation":"flat","Value":0.00000000},{"TimeFrom":"2019-04-16T08:02:27","TimeTo":"2019-04-16T08:07:31","Situation":"flat","Value":0.00000000},{"TimeFrom":"2019-04-16T08:07:31","TimeTo":"2019-04-16T08:12:35","Situation":"flat","Value":25347.60000000},{"TimeFrom":"2019-04-16T08:12:35","TimeTo":"2019-04-16T08:17:38","Situation":"flat","Value":0.00000000},{"TimeFrom":"2019-04-16T08:17:38","TimeTo":"2019-04-16T08:22:40","Situation":"flat","Value":0.00000000},{"TimeFrom":"2019-04-16T08:22:40","TimeTo":"2019-04-16T08:27:44","Situation":"flat","Value":0.00000000},{"TimeFrom":"2019-04-16T08:27:44","TimeTo":"2019-04-16T08:32:45","Situation":"flat","Value":0.00000000},{"TimeFrom":"2019-04-16T08:32:45","TimeTo":"2019-04-16T08:37:45","Situation":"flat","Value":-22372.00000000},{"TimeFrom":"2019-04-16T08:37:45","TimeTo":"2019-04-16T08:42:46","Situation":"flat","Value":29150.10000000},{"TimeFrom":"2019-04-16T08:42:46","TimeTo":"2019-04-16T08:47:47","Situation":"flat","Value":-62810.30000000},{"TimeFrom":"2019-04-16T08:47:47","TimeTo":"2019-04-16T08:52:51","Situation":"flat","Value":-31642.20000000},{"TimeFrom":"2019-04-16T08:52:51","TimeTo":"2019-04-16T08:57:54","Situation":"flat","Value":0.00000000},{"TimeFrom":"2019-04-16T08:57:54","TimeTo":"2019-04-16T09:02:55","Situation":"flat","Value":0.00000000},{"TimeFrom":"2019-04-16T09:02:55","TimeTo":"2019-04-16T09:07:56","Situation":"flat","Value":0.00000000},{"TimeFrom":"2019-04-16T09:07:56","TimeTo":"2019-04-16T09:12:57","Situation":"flat","Value":0.00000000},{"TimeFrom":"2019-04-16T09:12:57","TimeTo":"2019-04-16T09:18:03","Situation":"flat","Value":0.00000000},{"TimeFrom":"2019-04-16T09:18:03","TimeTo":"2019-04-16T09:23:05","Situation":"flat","Value":0.00000000},{"TimeFrom":"2019-04-16T09:23:05","TimeTo":"2019-04-16T09:28:06","Situation":"flat","Value":22097.90000000},{"TimeFrom":"2019-04-16T09:28:06","TimeTo":"2019-04-16T09:33:10","Situation":"flat","Value":0.00000000},{"TimeFrom":"2019-04-16T09:33:10","TimeTo":"2019-04-16T09:38:10","Situation":"flat","Value":0.00000000},{"TimeFrom":"2019-04-16T09:38:10","TimeTo":"2019-04-16T09:43:10","Situation":"flat","Value":0.00000000},{"TimeFrom":"2019-04-16T09:43:10","TimeTo":"2019-04-16T09:48:14","Situation":"flat","Value":0.00000000},{"TimeFrom":"2019-04-16T09:48:14","TimeTo":"2019-04-16T09:53:16","Situation":"flat","Value":0.00000000},{"TimeFrom":"2019-04-16T09:53:16","TimeTo":"2019-04-16T09:58:20","Situation":"flat","Value":0.00000000},{"TimeFrom":"2019-04-16T09:58:20","TimeTo":"2019-04-16T10:03:24","Situation":"flat","Value":0.00000000},{"TimeFrom":"2019-04-16T10:03:24","TimeTo":"2019-04-16T10:08:28","Situation":"flat","Value":0.00000000},{"TimeFrom":"2019-04-16T10:08:28","TimeTo":"2019-04-16T10:13:31","Situation":"flat","Value":0.00000000},{"TimeFrom":"2019-04-16T10:13:31","TimeTo":"2019-04-16T10:18:35","Situation":"flat","Value":0.00000000},{"TimeFrom":"2019-04-16T10:18:35","TimeTo":"2019-04-16T10:23:35","Situation":"flat","Value":-25474.90000000},{"TimeFrom":"2019-04-16T10:23:35","TimeTo":"2019-04-16T10:28:35","Situation":"flat","Value":0.00000000},{"TimeFrom":"2019-04-16T10:28:35","TimeTo":"2019-04-16T10:33:37","Situation":"flat","Value":0.00000000},{"TimeFrom":"2019-04-16T10:33:37","TimeTo":"2019-04-16T10:38:39","Situation":"flat","Value":27911.60000000},{"TimeFrom":"2019-04-16T10:38:39","TimeTo":"2019-04-16T10:43:40","Situation":"flat","Value":0.00000000},{"TimeFrom":"2019-04-16T10:43:40","TimeTo":"2019-04-16T10:48:41","Situation":"flat","Value":0.00000000},{"TimeFrom":"2019-04-16T10:48:41","TimeTo":"2019-04-16T10:53:41","Situation":"flat","Value":0.00000000},{"TimeFrom":"2019-04-16T10:53:41","TimeTo":"2019-04-16T10:58:43","Situation":"flat","Value":115112.70000000},{"TimeFrom":"2019-04-16T10:58:43","TimeTo":"2019-04-16T11:03:46","Situation":"flat","Value":-63626.40000000},{"TimeFrom":"2019-04-16T11:03:46","TimeTo":"2019-04-16T11:08:46","Situation":"flat","Value":0.00000000},{"TimeFrom":"2019-04-16T11:08:46","TimeTo":"2019-04-16T11:13:48","Situation":"flat","Value":0.00000000},{"TimeFrom":"2019-04-16T11:13:48","TimeTo":"2019-04-16T11:18:50","Situation":"flat","Value":0.00000000},{"TimeFrom":"2019-04-16T11:18:50","TimeTo":"2019-04-16T11:23:51","Situation":"flat","Value":0.00000000},{"TimeFrom":"2019-04-16T11:23:51","TimeTo":"2019-04-16T11:28:55","Situation":"flat","Value":0.00000000},{"TimeFrom":"2019-04-16T11:28:55","TimeTo":"2019-04-16T11:33:55","Situation":"flat","Value":0.00000000},{"TimeFrom":"2019-04-16T11:33:55","TimeTo":"2019-04-16T11:38:58","Situation":"flat","Value":0.00000000},{"TimeFrom":"2019-04-16T11:38:58","TimeTo":"2019-04-16T11:44:05","Situation":"flat","Value":0.00000000},{"TimeFrom":"2019-04-16T11:44:05","TimeTo":"2019-04-16T11:49:08","Situation":"flat","Value":0.00000000},{"TimeFrom":"2019-04-16T11:49:08","TimeTo":"2019-04-16T11:54:11","Situation":"flat","Value":0.00000000},{"TimeFrom":"2019-04-16T11:54:11","TimeTo":"2019-04-16T11:59:14","Situation":"flat","Value":-30153.20000000},{"TimeFrom":"2019-04-16T11:59:14","TimeTo":"2019-04-16T12:04:15","Situation":"flat","Value":-30153.20000000},{"TimeFrom":"2019-04-16T12:04:15","TimeTo":"2019-04-16T12:09:15","Situation":"flat","Value":0.00000000},{"TimeFrom":"2019-04-16T12:09:15","TimeTo":"2019-04-16T12:14:18","Situation":"flat","Value":0.00000000},{"TimeFrom":"2019-04-16T12:14:18","TimeTo":"2019-04-16T12:19:20","Situation":"flat","Value":0.00000000},{"TimeFrom":"2019-04-16T12:19:20","TimeTo":"2019-04-16T12:24:20","Situation":"flat","Value":21872.00000000},{"TimeFrom":"2019-04-16T12:24:20","TimeTo":"2019-04-16T12:29:24","Situation":"flat","Value":0.00000000},{"TimeFrom":"2019-04-16T12:29:24","TimeTo":"2019-04-16T12:34:25","Situation":"flat","Value":0.00000000},{"TimeFrom":"2019-04-16T12:34:25","TimeTo":"2019-04-16T12:39:28","Situation":"flat","Value":0.00000000},{"TimeFrom":"2019-04-16T12:39:28","TimeTo":"2019-04-16T12:44:28","Situation":"flat","Value":-75484.70000000},{"TimeFrom":"2019-04-16T12:44:28","TimeTo":"2019-04-16T12:49:31","Situation":"flat","Value":0.00000000},{"TimeFrom":"2019-04-16T12:49:31","TimeTo":"2019-04-16T12:54:34","Situation":"flat","Value":0.00000000},{"TimeFrom":"2019-04-16T12:54:34","TimeTo":"2019-04-16T12:59:36","Situation":"flat","Value":0.00000000}]}
