{"OrderBookAsks":[{"Time":"2019-04-16T00:04:15","Situation":"flat","Type":"ask","Price":0.11331000,"Amount":162990.00000000,"Done":false},{"Time":"2019-04-16T00:04:15","Situation":"flat","Type":"ask","Price":0.11522000,"Amount":80707.00000000,"Done":false},{"Time":"2019-04-16T00:09:19","Situation":"flat","Type":"ask","Price":0.11331000,"Amount":162990.00000000,"Done":false},{"Time":"2019-04-16T00:09:19","Situation":"flat","Type":"ask","Price":0.11522000,"Amount":80707.00000000,"Done":false},{"Time":"2019-04-16T00:14:20","Situation":"flat","Type":"ask","Price":0.11331000,"Amount":162990.00000000,"Done":false},{"Time":"2019-04-16T00:14:20","Situation":"flat","Type":"ask","Price":0.11522000,"Amount":80707.00000000,"Done":false},{"Time":"2019-04-16T00:19:21","Situation":"flat","Type":"ask","Price":0.11234000,"Amount":80244.00000000,"Done":false},{"Time":"2019-04-16T00:19:21","Situation":"flat","Type":"ask","Price":0.11239000,"Amount":123615.60000000,"Done":false},{"Time":"2019-04-16T00:19:21","Situation":"flat","Type":"ask","Price":0.11331000,"Amount":162990.00000000,"Done":false},{"Time":"2019-04-16T00:19:21","Situation":"flat","Type":"ask","Price":0.11522000,"Amount":80707.00000000,"Done":false},{"Time":"2019-04-16T00:24:21","Situation":"flat","Type":"ask","Price":0.11331000,"Amount":162990.00000000,"Done":false},{"Time":"2019-04-16T00:24:21","Situation":"flat","Type":"ask","Price":0.11522000,"Amount":80707.00000000,"Done":false},{"Time":"2019-04-16T00:29:25","Situation":"flat","Type":"ask","Price":0.11331000,"Amount":162990.00000000,"Done":false},{"Time":"2019-04-16T00:29:25","Situation":"flat","Type":"ask","Price":0.11522000,"Amount":80707.00000000,"Done":false},{"Time":"2019-04-16T00:34:28","Situation":"flat","Type":"ask","Price":0.11364000,"Amount":163433.70000000,"Done":false},{"Time":"2019-04-16T00:34:28","Situation":"flat","Type":"ask","Price":0.11522000,"Amount":80707.00000000,"Done":false},{"Time":"2019-04-16T00:39:28","Situation":"flat","Type":"ask","Price":0.11364000,"Amount":163433.70000000,"Done":false},{"Time":"2019-04-16T00:39:28","Situation":"flat","Type":"ask","Price":0.11522000,"Amount":80707.00000000,"Done":false},{"Time":"2019-04-16T00:44:30","Situation":"flat","Type":"ask","Price":0.11364000,"Amount":162990.00000000,"Done":false},{"Time":"2019-04-16T00:44:30","Situation":"flat","Type":"ask","Price":0.11522000,"Amount":80707.00000000,"Done":false},{"Time":"2019-04-16T00:49:31","Situation":"flat","Type":"ask","Price":0.11332000,"Amount":162990.00000000,"Done":false},{"Time":"2019-04-16T00:49:31","Situation":"flat","Type":"ask","Price":0.11522000,"Amount":80707.00000000,"Done":false},{"Time":"2019-04-16T00:54:35","Situation":"flat","Type":"ask","Price":0.11332000,"Amount":162990.00000000,"Done":false},{"Time":"2019-04-16T00:54:35","Situation":"flat","Type":"ask","Price":0.11522000,"Amount":80707.00000000,"Done":false},{"Time":"2019-04-16T00:59:35","Situation":"flat","Type":"ask","Price":0.11332000,"Amount":162990.00000000,"Done":false},{"Time":"2019-04-16T00:59:35","Situation":"flat","Type":"ask","Price":0.11522000,"Amount":80707.00000000,"Done":false},{"Time":"2019-04-16T01:04:38","Situation":"flat","Type":"ask","Price":0.11332000,"Amount":162990.00000000,"Done":false},{"Time":"2019-04-16T01:04:38","Situation":"flat","Type":"ask","Price":0.11522000,"Amount":80707.00000000,"Done":false},{"Time":"2019-04-16T01:09:40","Situation":"flat","Type":"ask","Price":0.11255000,"Amount":99390.70000000,"Done":false},{"Time":"2019-04-16T01:09:40","Situation":"flat","Type":"ask","Price":0.11332000,"Amount":162990.00000000,"Done":false},{"Time":"2019-04-16T01:09:40","Situation":"flat","Type":"ask","Price":0.11522000,"Amount":80707.00000000,"Done":false},{"Time":"2019-04-16T01:14:40","Situation":"flat","Type":"ask","Price":0.11332000,"Amount":162990.00000000,"Done":false},{"Time":"2019-04-16T01:14:40","Situation":"flat","Type":"ask","Price":0.11522000,"Amount":80707.00000000,"Done":false},{"Time":"2019-04-16T01:19:40","Situation":"flat","Type":"ask","Price":0.11332000,"Amount":162990.00000000,"Done":false},{"Time":"2019-04-16T01:19:40","Situation":"flat","Type":"ask","Price":0.11522000,"Amount":80707.00000000,"Done":false},{"Time":"2019-04-16T01:24:42","Situation":"flat","Type":"ask","Price":0.11376000,"Amount":162990.00000000,"Done":false},{"Time":"2019-04-16T01:24:42","Situation":"flat","Type":"ask","Price":0.11522000,"Amount":80707.00000000,"Done":false},{"Time":"2019-04-16T01:29:45","Situation":"flat","Type":"ask","Price":0.11376000,"Amount":162990.00000000,"Done":false},{"Time":"2019-04-16T01:29:45","Situation":"flat","Type":"ask","Price":0.11522000,"Amount":80707.00000000,"Done":false},{"Time":"2019-04-16T01:34:46","Situation":"flat","Type":"ask","Price":0.11376000,"Amount":162990.00000000,"Done":false},{"Time":"2019-04-16T01:34:46","Situation":"flat","Type":"ask","Price":0.11522000,"Amount":80707.00000000,"Done":false},{"Time":"2019-04-16T01:39:50","Situation":"flat","Type":"ask","Price":0.11376000,"Amount":162990.00000000,"Done":false},{"Time":"2019-04-16T01:39:50","Situation":"flat","Type":"ask","Price":0.11522000,"Amount":80707.00000000,"Done":false},{"Time":"2019-04-16T01:44:52","Situation":"flat","Type":"ask","Price":0.11376000,"Amount":162990.00000000,"Done":false},{"Time":"2019-04-16T01:44:52","Situation":"flat","Type":"ask","Price":0.11522000,"Amount":80707.00000000,"Done":false},{"Time":"2019-04-16T01:49:55","Situation":"flat","Type":"ask","Price":0.11376000,"Amount":162990.00000000,"Done":false},{"Time":"2019-04-16T01:49:55","Situation":"flat","Type":"ask","Price":0.11522000,"Amount":80707.00000000,"Done":false},{"Time":"2019-04-16T01:54:55","Situation":"flat","Type":"ask","Price":0.11376000,"Amount":162990.00000000,"Done":false},{"Time":"2019-04-16T01:54:55","Situation":"flat","Type":"ask","Price":0.11522000,"Amount":80707.00000000,"Done":false},{"Time":"2019-04-16T01:59:55","Situation":"flat","Type":"ask","Price":0.11344000,"Amount":163037.60000000,"Done":false},{"Time":"2019-04-16T01:59:55","Situation":"flat","Type":"ask","Price":0.11522000,"Amount":80707.00000000,"Done":false},{"Time":"2019-04-16T02:04:58","Situation":"flat","Type":"ask","Price":0.11344000,"Amount":163037.60000000,"Done":false},{"Time":"2019-04-16T02:04:58","Situation":"flat","Type":"ask","Price":0.11522000,"Amount":80707.00000000,"Done":false},{"Time":"2019-04-16T02:10:03","Situation":"flat","Type":"ask","Price":0.11344000,"Amount":163037.60000000,"Done":false},{"Time":"2019-04-16T02:10:03","Situation":"flat","Type":"ask","Price":0.11522000,"Amount":80707.00000000,"Done":false},{"Time":"2019-04-16T02:15:05","Situation":"flat","Type":"ask","Price":0.11355000,"Amount":163490.00000000,"Done":false},{"Time":"2019-04-16T02:15:05","Situation":"flat","Type":"ask","Price":0.11522000,"Amount":80707.00000000,"Done":false},{"Time":"2019-04-16T02:20:05","Situation":"flat","Type":"ask","Price":0.11355000,"Amount":163490.00000000,"Done":false},{"Time":"2019-04-16T02:20:05","Situation":"flat","Type":"ask","Price":0.11522000,"Amount":80707.00000000,"Done":false},{"Time":"2019-04-16T02:25:05","Situation":"flat","Type":"ask","Price":0.11355000,"Amount":163490.00000000,"Done":false},{"Time":"2019-04-16T02:25:05","Situation":"flat","Type":"ask","Price":0.11522000,"Amount":80707.00000000,"Done":false},{"Time":"2019-04-16T02:30:06","Situation":"flat","Type":"ask","Price":0.11355000,"Amount":163490.00000000,"Done":false},{"Time":"2019-04-16T02:30:06","Situation":"flat","Type":"ask","Price":0.11522000,"Amount":80707.00000000,"Done":false},{"Time":"2019-04-16T02:35:07","Situation":"flat","Type":"ask","Price":0.11355000,"Amount":163490.00000000,"Done":false},{"Time":"2019-04-16T02:35:07","Situation":"flat","Type":"ask","Price":0.11522000,"Amount":80707.00000000,"Done":false},{"Time":"2019-04-16T02:40:11","Situation":"flat","Type":"ask","Price":0.11355000,"Amount":163490.00000000,"Done":false},{"Time":"2019-04-16T02:40:11","Situation":"flat","Type":"ask","Price":0.11522000,"Amount":80707.00000000,"Done":false},{"Time":"2019-04-16T02:45:11","Situation":"flat","Type":"ask","Price":0.11355000,"Amount":163490.00000000,"Done":false},{"Time":"2019-04-16T02:45:11","Situation":"flat","Type":"ask","Price":0.11522000,"Amount":80707.00000000,"Done":false},{"Time":"2019-04-16T02:50:14","Situation":"flat","Type":"ask","Price":0.11355000,"Amount":163490.00000000,"Done":false},{"Time":"2019-04-16T02:50:14","Situation":"flat","Type":"ask","Price":0.11522000,"Amount":80707.00000000,"Done":false},{"Time":"2019-04-16T02:55:15","Situation":"flat","Type":"ask","Price":0.11324000,"Amount":162990.00000000,"Done":false},{"Time":"2019-04-16T02:55:15","Situation":"flat","Type":"ask","Price":0.11522000,"Amount":80707.00000000,"Done":false},{"Time":"2019-04-16T03:00:18","Situation":"flat","Type":"ask","Price":0.11357000,"Amount":162990.00000000,"Done":false},{"Time":"2019-04-16T03:00:18","Situation":"flat","Type":"ask","Price":0.11522000,"Amount":80707.00000000,"Done":false},{"Time":"2019-04-16T03:05:20","Situation":"flat","Type":"ask","Price":0.11357000,"Amount":162990.00000000,"Done":false},{"Time":"2019-04-16T03:05:20","Situation":"flat","Type":"ask","Price":0.11522000,"Amount":80707.00000000,"Done":false},{"Time":"2019-04-16T03:10:20","Situation":"flat","Type":"ask","Price":0.11357000,"Amount":162990.00000000,"Done":false},{"Time":"2019-04-16T03:10:20","Situation":"flat","Type":"ask","Price":0.11522000,"Amount":80707.00000000,"Done":false},{"Time":"2019-04-16T03:15:21","Situation":"flat","Type":"ask","Price":0.11357000,"Amount":162990.00000000,"Done":false},{"Time":"2019-04-16T03:15:21","Situation":"flat","Type":"ask","Price":0.11522000,"Amount":80707.00000000,"Done":false},{"Time":"2019-04-16T03:20:25","Situation":"flat","Type":"ask","Price":0.11357000,"Amount":162990.00000000,"Done":false},{"Time":"2019-04-16T03:20:25","Situation":"flat","Type":"ask","Price":0.11522000,"Amount":80707.00000000,"Done":false},{"Time":"2019-04-16T03:25:25","Situation":"flat","Type":"ask","Price":0.11357000,"Amount":162990.00000000,"Done":false},{"Time":"2019-04-16T03:25:25","Situation":"flat","Type":"ask","Price":0.11522000,"Amount":80707.00000000,"Done":false},{"Time":"2019-04-16T03:30:25","Situation":"flat","Type":"ask","Price":0.11357000,"Amount":162990.00000000,"Done":false},{"Time":"2019-04-16T03:30:25","Situation":"flat","Type":"ask","Price":0.11500000,"Amount":124979.30000000,"Done":false},{"Time":"2019-04-16T03:30:25","Situation":"flat","Type":"ask","Price":0.11522000,"Amount":80707.00000000,"Done":false},{"Time":"2019-04-16T03:35:29","Situation":"flat","Type":"ask","Price":0.11357000,"Amount":162990.00000000,"Done":false},{"Time":"2019-04-16T03:35:29","Situation":"flat","Type":"ask","Price":0.11500000,"Amount":124979.30000000,"Done":false},{"Time":"2019-04-16T03:35:29","Situation":"flat","Type":"ask","Price":0.11522000,"Amount":80707.00000000,"Done":false},{"Time":"2019-04-16T03:40:29","Situation":"flat","Type":"ask","Price":0.11357000,"Amount":162990.00000000,"Done":false},{"Time":"2019-04-16T03:40:29","Situation":"flat","Type":"ask","Price":0.11500000,"Amount":124979.30000000,"Done":false},{"Time":"2019-04-16T03:40:29","Situation":"flat","Type":"ask","Price":0.11522000,"Amount":80707.00000000,"Done":false},{"Time":"2019-04-16T03:45:30","Situation":"flat","Type":"ask","Price":0.11392000,"Amount":162990.00000000,"Done":false},{"Time":"2019-04-16T03:45:30","Situation":"flat","Type":"ask","Price":0.11500000,"Amount":124979.30000000,"Done":false},{"Time":"2019-04-16T03:45:30","Situation":"flat","Type":"ask","Price":0.11522000,"Amount":80707.00000000,"Done":false},{"Time":"2019-04-16T03:50:30","Situation":"flat","Type":"ask","Price":0.11360000,"Amount":163439.40000000,"Done":false},{"Time":"2019-04-16T03:50:30","Situation":"flat","Type":"ask","Price":0.11500000,"Amount":124979.30000000,"Done":false},{"Time":"2019-04-16T03:50:30","Situation":"flat","Type":"ask","Price":0.11522000,"Amount":80707.00000000,"Done":false},{"Time":"2019-04-16T03:55:33","Situation":"flat","Type":"ask","Price":0.11360000,"Amount":163439.40000000,"Done":false},{"Time":"2019-04-16T03:55:33","Situation":"flat","Type":"ask","Price":0.11500000,"Amount":124979.30000000,"Done":false},{"Time":"2019-04-16T03:55:33","Situation":"flat","Type":"ask","Price":0.11522000,"Amount":80707.00000000,"Done":false},{"Time":"2019-04-16T04:00:35","Situation":"flat","Type":"ask","Price":0.11360000,"Amount":163439.40000000,"Done":false},{"Time":"2019-04-16T04:00:35","Situation":"flat","Type":"ask","Price":0.11500000,"Amount":124979.30000000,"Done":false},{"Time":"2019-04-16T04:00:35","Situation":"flat","Type":"ask","Price":0.11522000,"Amount":80707.00000000,"Done":false},{"Time":"2019-04-16T04:05:39","Situation":"flat","Type":"ask","Price":0.11360000,"Amount":163439.40000000,"Done":false},{"Time":"2019-04-16T04:05:39","Situation":"flat","Type":"ask","Price":0.11500000,"Amount":124979.30000000,"Done":false},{"Time":"2019-04-16T04:05:39","Situation":"flat","Type":"ask","Price":0.11522000,"Amount":80707.00000000,"Done":false},{"Time":"2019-04-16T04:10:40","Situation":"flat","Type":"ask","Price":0.11360000,"Amount":163439.40000000,"Done":false},{"Time":"2019-04-16T04:10:40","Situation":"flat","Type":"ask","Price":0.11500000,"Amount":124979.30000000,"Done":false},{"Time":"2019-04-16T04:10:40","Situation":"flat","Type":"ask","Price":0.11522000,"Amount":80707.00000000,"Done":false},{"Time":"2019-04-16T04:15:41","Situation":"flat","Type":"ask","Price":0.11360000,"Amount":163439.40000000,"Done":false},{"Time":"2019-04-16T04:15:41","Situation":"flat","Type":"ask","Price":0.11500000,"Amount":124979.30000000,"Done":false},{"Time":"2019-04-16T04:15:41","Situation":"flat","Type":"ask","Price":0.11522000,"Amount":80707.00000000,"Done":false},{"Time":"2019-04-16T04:20:42","Situation":"flat","Type":"ask","Price":0.11360000,"Amount":163439.40000000,"Done":false},{"Time":"2019-04-16T04:20:42","Situation":"flat","Type":"ask","Price":0.11500000,"Amount":124979.30000000,"Done":false},{"Time":"2019-04-16T04:20:42","Situation":"flat","Type":"ask","Price":0.11522000,"Amount":80707.00000000,"Done":false},{"Time":"2019-04-16T04:25:44","Situation":"flat","Type":"ask","Price":0.11400000,"Amount":130809.90000000,"Done":false},{"Time":"2019-04-16T04:25:44","Situation":"flat","Type":"ask","Price":0.11433000,"Amount":162990.00000000,"Done":false},{"Time":"2019-04-16T04:25:44","Situation":"flat","Type":"ask","Price":0.11500000,"Amount":124979.30000000,"Done":false},{"Time":"2019-04-16T04:25:44","Situation":"flat","Type":"ask","Price":0.11522000,"Amount":80707.00000000,"Done":false},{"Time":"2019-04-16T04:30:45","Situation":"flat","Type":"ask","Price":0.11400000,"Amount":132339.40000000,"Done":false},{"Time":"2019-04-16T04:30:45","Situation":"flat","Type":"ask","Price":0.11433000,"Amount":162990.00000000,"Done":false},{"Time":"2019-04-16T04:30:45","Situation":"flat","Type":"ask","Price":0.11500000,"Amount":124979.30000000,"Done":false},{"Time":"2019-04-16T04:30:45","Situation":"flat","Type":"ask","Price":0.11522000,"Amount":80707.00000000,"Done":false},{"Time":"2019-04-16T04:35:49","Situation":"flat","Type":"ask","Price":0.11400000,"Amount":130809.90000000,"Done":false},{"Time":"2019-04-16T04:35:49","Situation":"flat","Type":"ask","Price":0.11433000,"Amount":162990.00000000,"Done":false},{"Time":"2019-04-16T04:35:49","Situation":"flat","Type":"ask","Price":0.11500000,"Amount":124979.30000000,"Done":false},{"Time":"2019-04-16T04:35:49","Situation":"flat","Type":"ask","Price":0.11522000,"Amount":80707.00000000,"Done":false},{"Time":"2019-04-16T04:40:51","Situation":"flat","Type":"ask","Price":0.11400000,"Amount":130809.90000000,"Done":false},{"Time":"2019-04-16T04:40:51","Situation":"flat","Type":"ask","Price":0.11433000,"Amount":162990.00000000,"Done":false},{"Time":"2019-04-16T04:40:51","Situation":"flat","Type":"ask","Price":0.11500000,"Amount":124979.30000000,"Done":false},{"Time":"2019-04-16T04:40:51","Situation":"flat","Type":"ask","Price":0.11522000,"Amount":80707.00000000,"Done":false},{"Time":"2019-04-16T04:45:55","Situation":"flat","Type":"ask","Price":0.11400000,"Amount":130809.90000000,"Done":false},{"Time":"2019-04-16T04:45:55","Situation":"flat","Type":"ask","Price":0.11433000,"Amount":162990.00000000,"Done":false},{"Time":"2019-04-16T04:45:55","Situation":"flat","Type":"ask","Price":0.11500000,"Amount":124979.30000000,"Done":false},{"Time":"2019-04-16T04:45:55","Situation":"flat","Type":"ask","Price":0.11522000,"Amount":80707.00000000,"Done":false},{"Time":"2019-04-16T04:50:56","Situation":"flat","Type":"ask","Price":0.11400000,"Amount":130809.90000000,"Done":false},{"Time":"2019-04-16T04:50:56","Situation":"flat","Type":"ask","Price":0.11433000,"Amount":162990.00000000,"Done":false},{"Time":"2019-04-16T04:50:56","Situation":"flat","Type":"ask","Price":0.11500000,"Amount":124979.30000000,"Done":false},{"Time":"2019-04-16T04:50:56","Situation":"flat","Type":"ask","Price":0.11522000,"Amount":80707.00000000,"Done":false},{"Time":"2019-04-16T04:55:56","Situation":"flat","Type":"ask","Price":0.11400000,"Amount":130809.90000000,"Done":false},{"Time":"2019-04-16T04:55:56","Situation":"flat","Type":"ask","Price":0.11401000,"Amount":165299.30000000,"Done":false},{"Time":"2019-04-16T04:55:56","Situation":"flat","Type":"ask","Price":0.11500000,"Amount":124979.30000000,"Done":false},{"Time":"2019-04-16T04:55:56","Situation":"flat","Type":"ask","Price":0.11522000,"Amount":80707.00000000,"Done":false},{"Time":"2019-04-16T05:01:00","Situation":"flat","Type":"ask","Price":0.11400000,"Amount":130809.90000000,"Done":false},{"Time":"2019-04-16T05:01:00","Situation":"flat","Type":"ask","Price":0.11401000,"Amount":163432.00000000,"Done":false},{"Time":"2019-04-16T05:01:00","Situation":"flat","Type":"ask","Price":0.11500000,"Amount":124979.30000000,"Done":false},{"Time":"2019-04-16T05:01:00","Situation":"flat","Type":"ask","Price":0.11522000,"Amount":80707.00000000,"Done":false},{"Time":"2019-04-16T05:06:03","Situation":"flat","Type":"ask","Price":0.11400000,"Amount":130809.90000000,"Done":false},{"Time":"2019-04-16T05:06:03","Situation":"flat","Type":"ask","Price":0.11401000,"Amount":163432.00000000,"Done":false},{"Time":"2019-04-16T05:06:03","Situation":"flat","Type":"ask","Price":0.11500000,"Amount":124979.30000000,"Done":false},{"Time":"2019-04-16T05:06:03","Situation":"flat","Type":"ask","Price":0.11522000,"Amount":80707.00000000,"Done":false},{"Time":"2019-04-16T05:11:05","Situation":"flat","Type":"ask","Price":0.11400000,"Amount":130809.90000000,"Done":false},{"Time":"2019-04-16T05:11:05","Situation":"flat","Type":"ask","Price":0.11401000,"Amount":163432.00000000,"Done":false},{"Time":"2019-04-16T05:11:05","Situation":"flat","Type":"ask","Price":0.11500000,"Amount":124979.30000000,"Done":false},{"Time":"2019-04-16T05:11:05","Situation":"flat","Type":"ask","Price":0.11522000,"Amount":80707.00000000,"Done":false},{"Time":"2019-04-16T05:16:08","Situation":"flat","Type":"ask","Price":0.11400000,"Amount":130809.90000000,"Done":false},{"Time":"2019-04-16T05:16:08","Situation":"flat","Type":"ask","Price":0.11401000,"Amount":163432.00000000,"Done":false},{"Time":"2019-04-16T05:16:08","Situation":"flat","Type":"ask","Price":0.11500000,"Amount":124979.30000000,"Done":false},{"Time":"2019-04-16T05:16:08","Situation":"flat","Type":"ask","Price":0.11522000,"Amount":80707.00000000,"Done":false},{"Time":"2019-04-16T05:21:09","Situation":"flat","Type":"ask","Price":0.11400000,"Amount":130809.90000000,"Done":false},{"Time":"2019-04-16T05:21:09","Situation":"flat","Type":"ask","Price":0.11401000,"Amount":163432.00000000,"Done":false},{"Time":"2019-04-16T05:21:09","Situation":"flat","Type":"ask","Price":0.11500000,"Amount":124979.30000000,"Done":false},{"Time":"2019-04-16T05:21:09","Situation":"flat","Type":"ask","Price":0.11522000,"Amount":80707.00000000,"Done":false},{"Time":"2019-04-16T05:26:10","Situation":"flat","Type":"ask","Price":0.11369000,"Amount":163649.00000000,"Done":false},{"Time":"2019-04-16T05:26:10","Situation":"flat","Type":"ask","Price":0.11400000,"Amount":130809.90000000,"Done":false},{"Time":"2019-04-16T05:26:10","Situation":"flat","Type":"ask","Price":0.11500000,"Amount":124979.30000000,"Done":false},{"Time":"2019-04-16T05:26:10","Situation":"flat","Type":"ask","Price":0.11522000,"Amount":80707.00000000,"Done":false},{"Time":"2019-04-16T05:31:13","Situation":"flat","Type":"ask","Price":0.11400000,"Amount":130809.90000000,"Done":false},{"Time":"2019-04-16T05:31:13","Situation":"flat","Type":"ask","Price":0.11404000,"Amount":162990.00000000,"Done":false},{"Time":"2019-04-16T05:31:13","Situation":"flat","Type":"ask","Price":0.11500000,"Amount":124979.30000000,"Done":false},{"Time":"2019-04-16T05:31:13","Situation":"flat","Type":"ask","Price":0.11522000,"Amount":80707.00000000,"Done":false},{"Time":"2019-04-16T05:36:17","Situation":"flat","Type":"ask","Price":0.11400000,"Amount":130809.90000000,"Done":false},{"Time":"2019-04-16T05:36:17","Situation":"flat","Type":"ask","Price":0.11404000,"Amount":162990.00000000,"Done":false},{"Time":"2019-04-16T05:36:17","Situation":"flat","Type":"ask","Price":0.11500000,"Amount":124979.30000000,"Done":false},{"Time":"2019-04-16T05:36:17","Situation":"flat","Type":"ask","Price":0.11522000,"Amount":80707.00000000,"Done":false},{"Time":"2019-04-16T05:41:20","Situation":"flat","Type":"ask","Price":0.11400000,"Amount":130809.90000000,"Done":false},{"Time":"2019-04-16T05:41:20","Situation":"flat","Type":"ask","Price":0.11404000,"Amount":162990.00000000,"Done":false},{"Time":"2019-04-16T05:41:20","Situation":"flat","Type":"ask","Price":0.11500000,"Amount":124979.30000000,"Done":false},{"Time":"2019-04-16T05:41:20","Situation":"flat","Type":"ask","Price":0.11522000,"Amount":80707.00000000,"Done":false},{"Time":"2019-04-16T05:46:22","Situation":"flat","Type":"ask","Price":0.11400000,"Amount":130809.90000000,"Done":false},{"Time":"2019-04-16T05:46:22","Situation":"flat","Type":"ask","Price":0.11404000,"Amount":162990.00000000,"Done":false},{"Time":"2019-04-16T05:46:22","Situation":"flat","Type":"ask","Price":0.11500000,"Amount":124979.30000000,"Done":false},{"Time":"2019-04-16T05:46:22","Situation":"flat","Type":"ask","Price":0.11522000,"Amount":80707.00000000,"Done":false},{"Time":"2019-04-16T05:51:25","Situation":"flat","Type":"ask","Price":0.11400000,"Amount":130809.90000000,"Done":false},{"Time":"2019-04-16T05:51:25","Situation":"flat","Type":"ask","Price":0.11404000,"Amount":162990.00000000,"Done":false},{"Time":"2019-04-16T05:51:25","Situation":"flat","Type":"ask","Price":0.11500000,"Amount":124979.30000000,"Done":false},{"Time":"2019-04-16T05:51:25","Situation":"flat","Type":"ask","Price":0.11522000,"Amount":80707.00000000,"Done":false},{"Time":"2019-04-16T05:56:26","Situation":"flat","Type":"ask","Price":0.11400000,"Amount":128809.90000000,"Done":false},{"Time":"2019-04-16T05:56:26","Situation":"flat","Type":"ask","Price":0.11404000,"Amount":162990.00000000,"Done":false},{"Time":"2019-04-16T05:56:26","Situation":"flat","Type":"ask","Price":0.11500000,"Amount":124979.30000000,"Done":false},{"Time":"2019-04-16T05:56:26","Situation":"flat","Type":"ask","Price":0.11522000,"Amount":80707.00000000,"Done":false},{"Time":"2019-04-16T06:01:29","Situation":"flat","Type":"ask","Price":0.11400000,"Amount":129030.40000000,"Done":false},{"Time":"2019-04-16T06:01:29","Situation":"flat","Type":"ask","Price":0.11404000,"Amount":162990.00000000,"Done":false},{"Time":"2019-04-16T06:01:29","Situation":"flat","Type":"ask","Price":0.11500000,"Amount":124979.30000000,"Done":false},{"Time":"2019-04-16T06:01:29","Situation":"flat","Type":"ask","Price":0.11522000,"Amount":80707.00000000,"Done":false},{"Time":"2019-04-16T06:06:29","Situation":"flat","Type":"ask","Price":0.11400000,"Amount":129030.40000000,"Done":false},{"Time":"2019-04-16T06:06:29","Situation":"flat","Type":"ask","Price":0.11404000,"Amount":162990.00000000,"Done":false},{"Time":"2019-04-16T06:06:29","Situation":"flat","Type":"ask","Price":0.11500000,"Amount":124979.30000000,"Done":false},{"Time":"2019-04-16T06:06:29","Situation":"flat","Type":"ask","Price":0.11522000,"Amount":80707.00000000,"Done":false},{"Time":"2019-04-16T06:11:30","Situation":"flat","Type":"ask","Price":0.11400000,"Amount":129030.40000000,"Done":false},{"Time":"2019-04-16T06:11:30","Situation":"flat","Type":"ask","Price":0.11404000,"Amount":162990.00000000,"Done":false},{"Time":"2019-04-16T06:11:30","Situation":"flat","Type":"ask","Price":0.11500000,"Amount":124979.30000000,"Done":false},{"Time":"2019-04-16T06:11:30","Situation":"flat","Type":"ask","Price":0.11522000,"Amount":80707.00000000,"Done":false},{"Time":"2019-04-16T06:16:30","Situation":"flat","Type":"ask","Price":0.11400000,"Amount":128809.90000000,"Done":false},{"Time":"2019-04-16T06:16:30","Situation":"flat","Type":"ask","Price":0.11404000,"Amount":162990.00000000,"Done":false},{"Time":"2019-04-16T06:16:30","Situation":"flat","Type":"ask","Price":0.11500000,"Amount":124979.30000000,"Done":false},{"Time":"2019-04-16T06:16:30","Situation":"flat","Type":"ask","Price":0.11522000,"Amount":80707.00000000,"Done":false},{"Time":"2019-04-16T06:21:34","Situation":"flat","Type":"ask","Price":0.11400000,"Amount":128809.90000000,"Done":false},{"Time":"2019-04-16T06:21:34","Situation":"flat","Type":"ask","Price":0.11407000,"Amount":162990.00000000,"Done":false},{"Time":"2019-04-16T06:21:34","Situation":"flat","Type":"ask","Price":0.11500000,"Amount":124979.30000000,"Done":false},{"Time":"2019-04-16T06:21:34","Situation":"flat","Type":"ask","Price":0.11522000,"Amount":80707.00000000,"Done":false},{"Time":"2019-04-16T06:26:35","Situation":"flat","Type":"ask","Price":0.11375000,"Amount":163020.00000000,"Done":false},{"Time":"2019-04-16T06:26:35","Situation":"flat","Type":"ask","Price":0.11400000,"Amount":128809.90000000,"Done":false},{"Time":"2019-04-16T06:26:35","Situation":"flat","Type":"ask","Price":0.11500000,"Amount":124979.30000000,"Done":false},{"Time":"2019-04-16T06:26:35","Situation":"flat","Type":"ask","Price":0.11522000,"Amount":80707.00000000,"Done":false},{"Time":"2019-04-16T06:31:35","Situation":"flat","Type":"ask","Price":0.11375000,"Amount":163020.00000000,"Done":false},{"Time":"2019-04-16T06:31:35","Situation":"flat","Type":"ask","Price":0.11400000,"Amount":128809.90000000,"Done":false},{"Time":"2019-04-16T06:31:35","Situation":"flat","Type":"ask","Price":0.11500000,"Amount":124979.30000000,"Done":false},{"Time":"2019-04-16T06:31:35","Situation":"flat","Type":"ask","Price":0.11522000,"Amount":80707.00000000,"Done":false},{"Time":"2019-04-16T06:36:36","Situation":"flat","Type":"ask","Price":0.11379000,"Amount":162990.00000000,"Done":false},{"Time":"2019-04-16T06:36:36","Situation":"flat","Type":"ask","Price":0.11400000,"Amount":128809.90000000,"Done":false},{"Time":"2019-04-16T06:36:36","Situation":"flat","Type":"ask","Price":0.11500000,"Amount":124979.30000000,"Done":false},{"Time":"2019-04-16T06:36:36","Situation":"flat","Type":"ask","Price":0.11522000,"Amount":80707.00000000,"Done":false},{"Time":"2019-04-16T06:41:39","Situation":"flat","Type":"ask","Price":0.11379000,"Amount":162990.00000000,"Done":false},{"Time":"2019-04-16T06:41:39","Situation":"flat","Type":"ask","Price":0.11400000,"Amount":128809.90000000,"Done":false},{"Time":"2019-04-16T06:41:39","Situation":"flat","Type":"ask","Price":0.11500000,"Amount":124979.30000000,"Done":false},{"Time":"2019-04-16T06:41:39","Situation":"flat","Type":"ask","Price":0.11522000,"Amount":80707.00000000,"Done":false},{"Time":"2019-04-16T06:46:43","Situation":"flat","Type":"ask","Price":0.11379000,"Amount":162990.00000000,"Done":false},{"Time":"2019-04-16T06:46:43","Situation":"flat","Type":"ask","Price":0.11400000,"Amount":128809.90000000,"Done":false},{"Time":"2019-04-16T06:46:43","Situation":"flat","Type":"ask","Price":0.11500000,"Amount":124979.30000000,"Done":false},{"Time":"2019-04-16T06:46:43","Situation":"flat","Type":"ask","Price":0.11522000,"Amount":80707.00000000,"Done":false},{"Time":"2019-04-16T06:51:45","Situation":"flat","Type":"ask","Price":0.11226000,"Amount":90919.30000000,"Done":false},{"Time":"2019-04-16T06:51:45","Situation":"flat","Type":"ask","Price":0.11347000,"Amount":162990.00000000,"Done":false},{"Time":"2019-04-16T06:51:45","Situation":"flat","Type":"ask","Price":0.11400000,"Amount":128809.90000000,"Done":false},{"Time":"2019-04-16T06:51:45","Situation":"flat","Type":"ask","Price":0.11500000,"Amount":124979.30000000,"Done":false},{"Time":"2019-04-16T06:51:45","Situation":"flat","Type":"ask","Price":0.11522000,"Amount":80707.00000000,"Done":false},{"Time":"2019-04-16T06:56:45","Situation":"flat","Type":"ask","Price":0.11347000,"Amount":162990.00000000,"Done":false},{"Time":"2019-04-16T06:56:45","Situation":"flat","Type":"ask","Price":0.11400000,"Amount":128809.90000000,"Done":false},{"Time":"2019-04-16T06:56:45","Situation":"flat","Type":"ask","Price":0.11522000,"Amount":80707.00000000,"Done":false},{"Time":"2019-04-16T07:01:46","Situation":"flat","Type":"ask","Price":0.11347000,"Amount":162990.00000000,"Done":false},{"Time":"2019-04-16T07:01:46","Situation":"flat","Type":"ask","Price":0.11400000,"Amount":128809.90000000,"Done":false},{"Time":"2019-04-16T07:01:46","Situation":"flat","Type":"ask","Price":0.11420000,"Amount":120813.80000000,"Done":false},{"Time":"2019-04-16T07:06:48","Situation":"flat","Type":"ask","Price":0.11347000,"Amount":162990.00000000,"Done":false},{"Time":"2019-04-16T07:06:48","Situation":"flat","Type":"ask","Price":0.11400000,"Amount":128809.90000000,"Done":false},{"Time":"2019-04-16T07:06:48","Situation":"flat","Type":"ask","Price":0.11420000,"Amount":120813.80000000,"Done":false},{"Time":"2019-04-16T07:06:48","Situation":"flat","Type":"ask","Price":0.11522000,"Amount":80707.00000000,"Done":false},{"Time":"2019-04-16T07:11:50","Situation":"flat","Type":"ask","Price":0.11316000,"Amount":162990.00000000,"Done":false},{"Time":"2019-04-16T07:11:50","Situation":"flat","Type":"ask","Price":0.11400000,"Amount":128809.90000000,"Done":false},{"Time":"2019-04-16T07:11:50","Situation":"flat","Type":"ask","Price":0.11420000,"Amount":120813.80000000,"Done":false},{"Time":"2019-04-16T07:16:50","Situation":"flat","Type":"ask","Price":0.11357000,"Amount":162990.00000000,"Done":false},{"Time":"2019-04-16T07:16:50","Situation":"flat","Type":"ask","Price":0.11400000,"Amount":128809.90000000,"Done":false},{"Time":"2019-04-16T07:16:50","Situation":"flat","Type":"ask","Price":0.11420000,"Amount":120813.80000000,"Done":false},{"Time":"2019-04-16T07:16:50","Situation":"flat","Type":"ask","Price":0.11522000,"Amount":80707.00000000,"Done":false},{"Time":"2019-04-16T07:21:51","Situation":"flat","Type":"ask","Price":0.11357000,"Amount":162990.00000000,"Done":false},{"Time":"2019-04-16T07:21:51","Situation":"flat","Type":"ask","Price":0.11400000,"Amount":128809.90000000,"Done":false},{"Time":"2019-04-16T07:21:51","Situation":"flat","Type":"ask","Price":0.11420000,"Amount":120813.80000000,"Done":false},{"Time":"2019-04-16T07:21:51","Situation":"flat","Type":"ask","Price":0.11522000,"Amount":80707.00000000,"Done":false},{"Time":"2019-04-16T07:26:55","Situation":"flat","Type":"ask","Price":0.11400000,"Amount":128809.90000000,"Done":false},{"Time":"2019-04-16T07:26:55","Situation":"flat","Type":"ask","Price":0.11420000,"Amount":120813.80000000,"Done":false},{"Time":"2019-04-16T07:26:55","Situation":"flat","Type":"ask","Price":0.11522000,"Amount":80707.00000000,"Done":false},{"Time":"2019-04-16T07:31:57","Situation":"flat","Type":"ask","Price":0.11400000,"Amount":128809.90000000,"Done":false},{"Time":"2019-04-16T07:31:57","Situation":"flat","Type":"ask","Price":0.11420000,"Amount":120813.80000000,"Done":false},{"Time":"2019-04-16T07:31:57","Situation":"flat","Type":"ask","Price":0.11522000,"Amount":80707.00000000,"Done":false},{"Time":"2019-04-16T07:36:57","Situation":"flat","Type":"ask","Price":0.11400000,"Amount":128809.90000000,"Done":false},{"Time":"2019-04-16T07:36:57","Situation":"flat","Type":"ask","Price":0.11420000,"Amount":120813.80000000,"Done":false},{"Time":"2019-04-16T07:36:57","Situation":"flat","Type":"ask","Price":0.11522000,"Amount":80707.00000000,"Done":false},{"Time":"2019-04-16T07:41:58","Situation":"flat","Type":"ask","Price":0.11359000,"Amount":162990.00000000,"Done":false},{"Time":"2019-04-16T07:41:58","Situation":"flat","Type":"ask","Price":0.11400000,"Amount":128809.90000000,"Done":false},{"Time":"2019-04-16T07:41:58","Situation":"flat","Type":"ask","Price":0.11420000,"Amount":120813.80000000,"Done":false},{"Time":"2019-04-16T07:41:58","Situation":"flat","Type":"ask","Price":0.11522000,"Amount":80707.00000000,"Done":false},{"Time":"2019-04-16T07:46:58","Situation":"flat","Type":"ask","Price":0.11394000,"Amount":162990.00000000,"Done":false},{"Time":"2019-04-16T07:46:58","Situation":"flat","Type":"ask","Price":0.11400000,"Amount":128809.90000000,"Done":false},{"Time":"2019-04-16T07:46:58","Situation":"flat","Type":"ask","Price":0.11420000,"Amount":120813.80000000,"Done":false},{"Time":"2019-04-16T07:46:58","Situation":"flat","Type":"ask","Price":0.11522000,"Amount":80707.00000000,"Done":false},{"Time":"2019-04-16T07:52:03","Situation":"flat","Type":"ask","Price":0.11362000,"Amount":162990.00000000,"Done":false},{"Time":"2019-04-16T07:52:03","Situation":"flat","Type":"ask","Price":0.11400000,"Amount":128809.90000000,"Done":false},{"Time":"2019-04-16T07:52:03","Situation":"flat","Type":"ask","Price":0.11420000,"Amount":120813.80000000,"Done":false},{"Time":"2019-04-16T07:52:03","Situation":"flat","Type":"ask","Price":0.11522000,"Amount":80707.00000000,"Done":false},{"Time":"2019-04-16T07:57:05","Situation":"flat","Type":"ask","Price":0.11362000,"Amount":162990.00000000,"Done":false},{"Time":"2019-04-16T07:57:05","Situation":"flat","Type":"ask","Price":0.11400000,"Amount":128809.90000000,"Done":false},{"Time":"2019-04-16T07:57:05","Situation":"flat","Type":"ask","Price":0.11420000,"Amount":120813.80000000,"Done":false},{"Time":"2019-04-16T07:57:05","Situation":"flat","Type":"ask","Price":0.11522000,"Amount":80707.00000000,"Done":false},{"Time":"2019-04-16T08:02:06","Situation":"flat","Type":"ask","Price":0.11362000,"Amount":162990.00000000,"Done":false},{"Time":"2019-04-16T08:02:06","Situation":"flat","Type":"ask","Price":0.11400000,"Amount":128809.90000000,"Done":false},{"Time":"2019-04-16T08:02:06","Situation":"flat","Type":"ask","Price":0.11420000,"Amount":120813.80000000,"Done":false},{"Time":"2019-04-16T08:02:06","Situation":"flat","Type":"ask","Price":0.11522000,"Amount":80707.00000000,"Done":false},{"Time":"2019-04-16T08:07:09","Situation":"flat","Type":"ask","Price":0.11381000,"Amount":162990.00000000,"Done":false},{"Time":"2019-04-16T08:07:09","Situation":"flat","Type":"ask","Price":0.11400000,"Amount":128809.90000000,"Done":false},{"Time":"2019-04-16T08:07:09","Situation":"flat","Type":"ask","Price":0.11420000,"Amount":120813.80000000,"Done":false},{"Time":"2019-04-16T08:07:09","Situation":"flat","Type":"ask","Price":0.11522000,"Amount":80707.00000000,"Done":false},{"Time":"2019-04-16T08:12:10","Situation":"flat","Type":"ask","Price":0.11374000,"Amount":162990.00000000,"Done":false},{"Time":"2019-04-16T08:12:10","Situation":"flat","Type":"ask","Price":0.11400000,"Amount":128809.90000000,"Done":false},{"Time":"2019-04-16T08:12:10","Situation":"flat","Type":"ask","Price":0.11420000,"Amount":120813.80000000,"Done":false},{"Time":"2019-04-16T08:12:10","Situation":"flat","Type":"ask","Price":0.11522000,"Amount":80707.00000000,"Done":false},{"Time":"2019-04-16T08:17:14","Situation":"flat","Type":"ask","Price":0.11374000,"Amount":162990.00000000,"Done":false},{"Time":"2019-04-16T08:17:14","Situation":"flat","Type":"ask","Price":0.11400000,"Amount":128809.90000000,"Done":false},{"Time":"2019-04-16T08:17:14","Situation":"flat","Type":"ask","Price":0.11420000,"Amount":120813.80000000,"Done":false},{"Time":"2019-04-16T08:17:14","Situation":"flat","Type":"ask","Price":0.11522000,"Amount":80707.00000000,"Done":false},{"Time":"2019-04-16T08:22:15","Situation":"flat","Type":"ask","Price":0.11374000,"Amount":162990.00000000,"Done":false},{"Time":"2019-04-16T08:22:15","Situation":"flat","Type":"ask","Price":0.11400000,"Amount":128809.90000000,"Done":false},{"Time":"2019-04-16T08:22:15","Situation":"flat","Type":"ask","Price":0.11420000,"Amount":120813.80000000,"Done":false},{"Time":"2019-04-16T08:22:15","Situation":"flat","Type":"ask","Price":0.11522000,"Amount":80707.00000000,"Done":false},{"Time":"2019-04-16T08:27:18","Situation":"flat","Type":"ask","Price":0.11374000,"Amount":162990.00000000,"Done":false},{"Time":"2019-04-16T08:27:18","Situation":"flat","Type":"ask","Price":0.11400000,"Amount":128809.90000000,"Done":false},{"Time":"2019-04-16T08:27:18","Situation":"flat","Type":"ask","Price":0.11420000,"Amount":120813.80000000,"Done":false},{"Time":"2019-04-16T08:27:18","Situation":"flat","Type":"ask","Price":0.11522000,"Amount":80707.00000000,"Done":false},{"Time":"2019-04-16T08:32:21","Situation":"flat","Type":"ask","Price":0.11374000,"Amount":162990.00000000,"Done":false},{"Time":"2019-04-16T08:32:21","Situation":"flat","Type":"ask","Price":0.11400000,"Amount":128809.90000000,"Done":false},{"Time":"2019-04-16T08:32:21","Situation":"flat","Type":"ask","Price":0.11420000,"Amount":120813.80000000,"Done":false},{"Time":"2019-04-16T08:32:21","Situation":"flat","Type":"ask","Price":0.11522000,"Amount":80707.00000000,"Done":false},{"Time":"2019-04-16T08:37:25","Situation":"flat","Type":"ask","Price":0.11400000,"Amount":128809.90000000,"Done":false},{"Time":"2019-04-16T08:37:25","Situation":"flat","Type":"ask","Price":0.11407000,"Amount":162990.00000000,"Done":false},{"Time":"2019-04-16T08:37:25","Situation":"flat","Type":"ask","Price":0.11420000,"Amount":120813.80000000,"Done":false},{"Time":"2019-04-16T08:37:25","Situation":"flat","Type":"ask","Price":0.11522000,"Amount":80707.00000000,"Done":false},{"Time":"2019-04-16T08:42:25","Situation":"flat","Type":"ask","Price":0.11400000,"Amount":128809.90000000,"Done":false},{"Time":"2019-04-16T08:42:25","Situation":"flat","Type":"ask","Price":0.11420000,"Amount":120813.80000000,"Done":false},{"Time":"2019-04-16T08:42:25","Situation":"flat","Type":"ask","Price":0.11426000,"Amount":162990.00000000,"Done":false},{"Time":"2019-04-16T08:42:25","Situation":"flat","Type":"ask","Price":0.11522000,"Amount":80707.00000000,"Done":false},{"Time":"2019-04-16T08:47:27","Situation":"flat","Type":"ask","Price":0.11400000,"Amount":128809.90000000,"Done":false},{"Time":"2019-04-16T08:47:27","Situation":"flat","Type":"ask","Price":0.11420000,"Amount":120813.80000000,"Done":false},{"Time":"2019-04-16T08:47:27","Situation":"flat","Type":"ask","Price":0.11443000,"Amount":162990.00000000,"Done":false},{"Time":"2019-04-16T08:47:27","Situation":"flat","Type":"ask","Price":0.11522000,"Amount":80707.00000000,"Done":false},{"Time":"2019-04-16T08:52:30","Situation":"flat","Type":"ask","Price":0.11400000,"Amount":128809.90000000,"Done":false},{"Time":"2019-04-16T08:52:30","Situation":"flat","Type":"ask","Price":0.11420000,"Amount":120813.80000000,"Done":false},{"Time":"2019-04-16T08:52:30","Situation":"flat","Type":"ask","Price":0.11443000,"Amount":162990.00000000,"Done":false},{"Time":"2019-04-16T08:52:30","Situation":"flat","Type":"ask","Price":0.11522000,"Amount":80707.00000000,"Done":false},{"Time":"2019-04-16T08:57:30","Situation":"flat","Type":"ask","Price":0.11400000,"Amount":128809.90000000,"Done":false},{"Time":"2019-04-16T08:57:30","Situation":"flat","Type":"ask","Price":0.11411000,"Amount":163009.90000000,"Done":false},{"Time":"2019-04-16T08:57:30","Situation":"flat","Type":"ask","Price":0.11420000,"Amount":120813.80000000,"Done":false},{"Time":"2019-04-16T08:57:30","Situation":"flat","Type":"ask","Price":0.11522000,"Amount":80707.00000000,"Done":false},{"Time":"2019-04-16T09:02:30","Situation":"flat","Type":"ask","Price":0.11400000,"Amount":128809.90000000,"Done":false},{"Time":"2019-04-16T09:02:30","Situation":"flat","Type":"ask","Price":0.11411000,"Amount":163009.90000000,"Done":false},{"Time":"2019-04-16T09:02:30","Situation":"flat","Type":"ask","Price":0.11420000,"Amount":120813.80000000,"Done":false},{"Time":"2019-04-16T09:02:30","Situation":"flat","Type":"ask","Price":0.11522000,"Amount":80707.00000000,"Done":false},{"Time":"2019-04-16T09:07:34","Situation":"flat","Type":"ask","Price":0.11400000,"Amount":128809.90000000,"Done":false},{"Time":"2019-04-16T09:07:34","Situation":"flat","Type":"ask","Price":0.11412000,"Amount":163165.20000000,"Done":false},{"Time":"2019-04-16T09:07:34","Situation":"flat","Type":"ask","Price":0.11420000,"Amount":120813.80000000,"Done":false},{"Time":"2019-04-16T09:07:34","Situation":"flat","Type":"ask","Price":0.11522000,"Amount":80707.00000000,"Done":false},{"Time":"2019-04-16T09:12:36","Situation":"flat","Type":"ask","Price":0.11400000,"Amount":128809.90000000,"Done":false},{"Time":"2019-04-16T09:12:36","Situation":"flat","Type":"ask","Price":0.11420000,"Amount":120813.80000000,"Done":false},{"Time":"2019-04-16T09:12:36","Situation":"flat","Type":"ask","Price":0.11439000,"Amount":162990.00000000,"Done":false},{"Time":"2019-04-16T09:12:36","Situation":"flat","Type":"ask","Price":0.11522000,"Amount":80707.00000000,"Done":false},{"Time":"2019-04-16T09:17:36","Situation":"flat","Type":"ask","Price":0.11400000,"Amount":137094.30000000,"Done":false},{"Time":"2019-04-16T09:17:36","Situation":"flat","Type":"ask","Price":0.11420000,"Amount":120813.80000000,"Done":false},{"Time":"2019-04-16T09:17:36","Situation":"flat","Type":"ask","Price":0.11439000,"Amount":162990.00000000,"Done":false},{"Time":"2019-04-16T09:17:36","Situation":"flat","Type":"ask","Price":0.11522000,"Amount":80707.00000000,"Done":false},{"Time":"2019-04-16T09:22:38","Situation":"flat","Type":"ask","Price":0.11400000,"Amount":128809.90000000,"Done":false},{"Time":"2019-04-16T09:22:38","Situation":"flat","Type":"ask","Price":0.11420000,"Amount":120813.80000000,"Done":false},{"Time":"2019-04-16T09:22:38","Situation":"flat","Type":"ask","Price":0.11439000,"Amount":162990.00000000,"Done":false},{"Time":"2019-04-16T09:22:38","Situation":"flat","Type":"ask","Price":0.11522000,"Amount":80707.00000000,"Done":false},{"Time":"2019-04-16T09:27:39","Situation":"flat","Type":"ask","Price":0.11400000,"Amount":128809.90000000,"Done":false},{"Time":"2019-04-16T09:27:39","Situation":"flat","Type":"ask","Price":0.11420000,"Amount":123313.80000000,"Done":false},{"Time":"2019-04-16T09:27:39","Situation":"flat","Type":"ask","Price":0.11439000,"Amount":162990.00000000,"Done":false},{"Time":"2019-04-16T09:27:39","Situation":"flat","Type":"ask","Price":0.11522000,"Amount":80707.00000000,"Done":false},{"Time":"2019-04-16T09:32:43","Situation":"flat","Type":"ask","Price":0.11400000,"Amount":128809.90000000,"Done":false},{"Time":"2019-04-16T09:32:43","Situation":"flat","Type":"ask","Price":0.11420000,"Amount":120955.00000000,"Done":false},{"Time":"2019-04-16T09:32:43","Situation":"flat","Type":"ask","Price":0.11439000,"Amount":162990.00000000,"Done":false},{"Time":"2019-04-16T09:32:43","Situation":"flat","Type":"ask","Price":0.11522000,"Amount":80707.00000000,"Done":false},{"Time":"2019-04-16T09:37:46","Situation":"flat","Type":"ask","Price":0.11400000,"Amount":145108.90000000,"Done":false},{"Time":"2019-04-16T09:37:46","Situation":"flat","Type":"ask","Price":0.11420000,"Amount":123455.00000000,"Done":false},{"Time":"2019-04-16T09:37:46","Situation":"flat","Type":"ask","Price":0.11439000,"Amount":162990.00000000,"Done":false},{"Time":"2019-04-16T09:37:46","Situation":"flat","Type":"ask","Price":0.11522000,"Amount":80707.00000000,"Done":false},{"Time":"2019-04-16T09:42:50","Situation":"flat","Type":"ask","Price":0.11400000,"Amount":145108.90000000,"Done":false},{"Time":"2019-04-16T09:42:50","Situation":"flat","Type":"ask","Price":0.11420000,"Amount":123455.00000000,"Done":false},{"Time":"2019-04-16T09:42:50","Situation":"flat","Type":"ask","Price":0.11439000,"Amount":162990.00000000,"Done":false},{"Time":"2019-04-16T09:42:50","Situation":"flat","Type":"ask","Price":0.11522000,"Amount":80707.00000000,"Done":false},{"Time":"2019-04-16T09:47:51","Situation":"flat","Type":"ask","Price":0.11400000,"Amount":128809.90000000,"Done":false},{"Time":"2019-04-16T09:47:51","Situation":"flat","Type":"ask","Price":0.11420000,"Amount":120955.00000000,"Done":false},{"Time":"2019-04-16T09:47:51","Situation":"flat","Type":"ask","Price":0.11479000,"Amount":162990.00000000,"Done":false},{"Time":"2019-04-16T09:47:51","Situation":"flat","Type":"ask","Price":0.11522000,"Amount":80707.00000000,"Done":false},{"Time":"2019-04-16T09:52:55","Situation":"flat","Type":"ask","Price":0.11400000,"Amount":145108.90000000,"Done":false},{"Time":"2019-04-16T09:52:55","Situation":"flat","Type":"ask","Price":0.11420000,"Amount":122834.00000000,"Done":false},{"Time":"2019-04-16T09:52:55","Situation":"flat","Type":"ask","Price":0.11447000,"Amount":163460.30000000,"Done":false},{"Time":"2019-04-16T09:52:55","Situation":"flat","Type":"ask","Price":0.11522000,"Amount":80707.00000000,"Done":false},{"Time":"2019-04-16T09:57:55","Situation":"flat","Type":"ask","Price":0.11400000,"Amount":145108.90000000,"Done":false},{"Time":"2019-04-16T09:57:55","Situation":"flat","Type":"ask","Price":0.11420000,"Amount":122834.00000000,"Done":false},{"Time":"2019-04-16T09:57:55","Situation":"flat","Type":"ask","Price":0.11447000,"Amount":163019.20000000,"Done":false},{"Time":"2019-04-16T09:57:55","Situation":"flat","Type":"ask","Price":0.11522000,"Amount":80707.00000000,"Done":false},{"Time":"2019-04-16T10:02:56","Situation":"flat","Type":"ask","Price":0.11400000,"Amount":128809.90000000,"Done":false},{"Time":"2019-04-16T10:02:56","Situation":"flat","Type":"ask","Price":0.11420000,"Amount":125334.00000000,"Done":false},{"Time":"2019-04-16T10:02:56","Situation":"flat","Type":"ask","Price":0.11447000,"Amount":163019.20000000,"Done":false},{"Time":"2019-04-16T10:02:56","Situation":"flat","Type":"ask","Price":0.11522000,"Amount":80707.00000000,"Done":false},{"Time":"2019-04-16T10:07:57","Situation":"flat","Type":"ask","Price":0.11400000,"Amount":128809.90000000,"Done":false},{"Time":"2019-04-16T10:07:57","Situation":"flat","Type":"ask","Price":0.11415000,"Amount":162990.00000000,"Done":false},{"Time":"2019-04-16T10:07:57","Situation":"flat","Type":"ask","Price":0.11420000,"Amount":125334.00000000,"Done":false},{"Time":"2019-04-16T10:07:57","Situation":"flat","Type":"ask","Price":0.11499000,"Amount":82175.40000000,"Done":false},{"Time":"2019-04-16T10:07:57","Situation":"flat","Type":"ask","Price":0.11522000,"Amount":80707.00000000,"Done":false},{"Time":"2019-04-16T10:10:59","Situation":"trend","Type":"ask","Price":0.11351000,"Amount":163056.80000000,"Done":false},{"Time":"2019-04-16T10:10:59","Situation":"trend","Type":"ask","Price":0.11400000,"Amount":128809.90000000,"Done":false},{"Time":"2019-04-16T10:10:59","Situation":"trend","Type":"ask","Price":0.11420000,"Amount":122834.00000000,"Done":false},{"Time":"2019-04-16T10:10:59","Situation":"trend","Type":"ask","Price":0.11439000,"Amount":81495.00000000,"Done":false},{"Time":"2019-04-16T10:10:59","Situation":"trend","Type":"ask","Price":0.11522000,"Amount":80707.00000000,"Done":false},{"Time":"2019-04-16T10:16:00","Situation":"flat","Type":"ask","Price":0.11320000,"Amount":162990.00000000,"Done":false},{"Time":"2019-04-16T10:16:00","Situation":"flat","Type":"ask","Price":0.11380000,"Amount":81495.00000000,"Done":false},{"Time":"2019-04-16T10:16:00","Situation":"flat","Type":"ask","Price":0.11400000,"Amount":128809.90000000,"Done":false},{"Time":"2019-04-16T10:16:00","Situation":"flat","Type":"ask","Price":0.11420000,"Amount":122834.00000000,"Done":false},{"Time":"2019-04-16T10:21:04","Situation":"flat","Type":"ask","Price":0.11320000,"Amount":162990.00000000,"Done":false},{"Time":"2019-04-16T10:21:04","Situation":"flat","Type":"ask","Price":0.11380000,"Amount":81495.00000000,"Done":false},{"Time":"2019-04-16T10:21:04","Situation":"flat","Type":"ask","Price":0.11400000,"Amount":128809.90000000,"Done":false},{"Time":"2019-04-16T10:21:04","Situation":"flat","Type":"ask","Price":0.11420000,"Amount":122834.00000000,"Done":false},{"Time":"2019-04-16T10:21:04","Situation":"flat","Type":"ask","Price":0.11522000,"Amount":80707.00000000,"Done":false},{"Time":"2019-04-16T10:26:08","Situation":"flat","Type":"ask","Price":0.11320000,"Amount":162990.00000000,"Done":false},{"Time":"2019-04-16T10:26:08","Situation":"flat","Type":"ask","Price":0.11380000,"Amount":81495.00000000,"Done":false},{"Time":"2019-04-16T10:26:08","Situation":"flat","Type":"ask","Price":0.11400000,"Amount":128809.90000000,"Done":false},{"Time":"2019-04-16T10:26:08","Situation":"flat","Type":"ask","Price":0.11420000,"Amount":122834.00000000,"Done":false},{"Time":"2019-04-16T10:26:08","Situation":"flat","Type":"ask","Price":0.11522000,"Amount":80707.00000000,"Done":false},{"Time":"2019-04-16T10:31:10","Situation":"flat","Type":"ask","Price":0.11320000,"Amount":162990.00000000,"Done":false},{"Time":"2019-04-16T10:31:10","Situation":"flat","Type":"ask","Price":0.11380000,"Amount":81495.00000000,"Done":false},{"Time":"2019-04-16T10:31:10","Situation":"flat","Type":"ask","Price":0.11400000,"Amount":128809.90000000,"Done":false},{"Time":"2019-04-16T10:31:10","Situation":"flat","Type":"ask","Price":0.11420000,"Amount":122834.00000000,"Done":false},{"Time":"2019-04-16T10:31:10","Situation":"flat","Type":"ask","Price":0.11522000,"Amount":80707.00000000,"Done":false},{"Time":"2019-04-16T10:36:11","Situation":"flat","Type":"ask","Price":0.11320000,"Amount":162990.00000000,"Done":false},{"Time":"2019-04-16T10:36:11","Situation":"flat","Type":"ask","Price":0.11380000,"Amount":81495.00000000,"Done":false},{"Time":"2019-04-16T10:36:11","Situation":"flat","Type":"ask","Price":0.11400000,"Amount":128809.90000000,"Done":false},{"Time":"2019-04-16T10:36:11","Situation":"flat","Type":"ask","Price":0.11420000,"Amount":122834.00000000,"Done":false},{"Time":"2019-04-16T10:36:11","Situation":"flat","Type":"ask","Price":0.11522000,"Amount":80707.00000000,"Done":false},{"Time":"2019-04-16T10:41:15","Situation":"flat","Type":"ask","Price":0.11320000,"Amount":162990.00000000,"Done":false},{"Time":"2019-04-16T10:41:15","Situation":"flat","Type":"ask","Price":0.11380000,"Amount":81495.00000000,"Done":false},{"Time":"2019-04-16T10:41:15","Situation":"flat","Type":"ask","Price":0.11400000,"Amount":128809.90000000,"Done":false},{"Time":"2019-04-16T10:41:15","Situation":"flat","Type":"ask","Price":0.11420000,"Amount":122834.00000000,"Done":false},{"Time":"2019-04-16T10:41:15","Situation":"flat","Type":"ask","Price":0.11522000,"Amount":80707.00000000,"Done":false},{"Time":"2019-04-16T10:46:15","Situation":"flat","Type":"ask","Price":0.11320000,"Amount":162990.00000000,"Done":false},{"Time":"2019-04-16T10:46:15","Situation":"flat","Type":"ask","Price":0.11380000,"Amount":81495.00000000,"Done":false},{"Time":"2019-04-16T10:46:15","Situation":"flat","Type":"ask","Price":0.11400000,"Amount":128809.90000000,"Done":false},{"Time":"2019-04-16T10:46:15","Situation":"flat","Type":"ask","Price":0.11420000,"Amount":122834.00000000,"Done":false},{"Time":"2019-04-16T10:51:17","Situation":"flat","Type":"ask","Price":0.11320000,"Amount":162990.00000000,"Done":false},{"Time":"2019-04-16T10:51:17","Situation":"flat","Type":"ask","Price":0.11380000,"Amount":81495.00000000,"Done":false},{"Time":"2019-04-16T10:51:17","Situation":"flat","Type":"ask","Price":0.11400000,"Amount":128809.90000000,"Done":false},{"Time":"2019-04-16T10:51:17","Situation":"flat","Type":"ask","Price":0.11420000,"Amount":122834.00000000,"Done":false},{"Time":"2019-04-16T10:56:20","Situation":"flat","Type":"ask","Price":0.11289000,"Amount":162990.00000000,"Done":false},{"Time":"2019-04-16T10:56:20","Situation":"flat","Type":"ask","Price":0.11380000,"Amount":81495.00000000,"Done":false},{"Time":"2019-04-16T10:56:20","Situation":"flat","Type":"ask","Price":0.11400000,"Amount":128809.90000000,"Done":false},{"Time":"2019-04-16T10:56:20","Situation":"flat","Type":"ask","Price":0.11420000,"Amount":122834.00000000,"Done":false},{"Time":"2019-04-16T11:01:21","Situation":"flat","Type":"ask","Price":0.11289000,"Amount":162990.00000000,"Done":false},{"Time":"2019-04-16T11:01:21","Situation":"flat","Type":"ask","Price":0.11380000,"Amount":81495.00000000,"Done":false},{"Time":"2019-04-16T11:01:21","Situation":"flat","Type":"ask","Price":0.11400000,"Amount":128809.90000000,"Done":false},{"Time":"2019-04-16T11:01:21","Situation":"flat","Type":"ask","Price":0.11420000,"Amount":122834.00000000,"Done":false},{"Time":"2019-04-16T11:06:21","Situation":"flat","Type":"ask","Price":0.11289000,"Amount":162990.00000000,"Done":false},{"Time":"2019-04-16T11:06:21","Situation":"flat","Type":"ask","Price":0.11321000,"Amount":81495.00000000,"Done":false},{"Time":"2019-04-16T11:06:21","Situation":"flat","Type":"ask","Price":0.11400000,"Amount":128809.90000000,"Done":false},{"Time":"2019-04-16T11:06:21","Situation":"flat","Type":"ask","Price":0.11420000,"Amount":122834.00000000,"Done":false},{"Time":"2019-04-16T11:11:21","Situation":"flat","Type":"ask","Price":0.11289000,"Amount":162990.00000000,"Done":false},{"Time":"2019-04-16T11:11:21","Situation":"flat","Type":"ask","Price":0.11321000,"Amount":81495.00000000,"Done":false},{"Time":"2019-04-16T11:11:21","Situation":"flat","Type":"ask","Price":0.11400000,"Amount":128809.90000000,"Done":false},{"Time":"2019-04-16T11:11:21","Situation":"flat","Type":"ask","Price":0.11420000,"Amount":122834.00000000,"Done":false},{"Time":"2019-04-16T11:16:21","Situation":"flat","Type":"ask","Price":0.11289000,"Amount":162990.00000000,"Done":false},{"Time":"2019-04-16T11:16:21","Situation":"flat","Type":"ask","Price":0.11321000,"Amount":81495.00000000,"Done":false},{"Time":"2019-04-16T11:16:21","Situation":"flat","Type":"ask","Price":0.11400000,"Amount":128809.90000000,"Done":false},{"Time":"2019-04-16T11:16:21","Situation":"flat","Type":"ask","Price":0.11420000,"Amount":122834.00000000,"Done":false},{"Time":"2019-04-16T11:21:23","Situation":"flat","Type":"ask","Price":0.11289000,"Amount":162990.00000000,"Done":false},{"Time":"2019-04-16T11:21:23","Situation":"flat","Type":"ask","Price":0.11321000,"Amount":81495.00000000,"Done":false},{"Time":"2019-04-16T11:21:23","Situation":"flat","Type":"ask","Price":0.11400000,"Amount":128809.90000000,"Done":false},{"Time":"2019-04-16T11:21:23","Situation":"flat","Type":"ask","Price":0.11420000,"Amount":122834.00000000,"Done":false},{"Time":"2019-04-16T11:26:26","Situation":"flat","Type":"ask","Price":0.11289000,"Amount":162990.00000000,"Done":false},{"Time":"2019-04-16T11:26:26","Situation":"flat","Type":"ask","Price":0.11321000,"Amount":81495.00000000,"Done":false},{"Time":"2019-04-16T11:26:26","Situation":"flat","Type":"ask","Price":0.11400000,"Amount":128809.90000000,"Done":false},{"Time":"2019-04-16T11:26:26","Situation":"flat","Type":"ask","Price":0.11420000,"Amount":122834.00000000,"Done":false},{"Time":"2019-04-16T11:31:27","Situation":"flat","Type":"ask","Price":0.11239000,"Amount":92195.40000000,"Done":false},{"Time":"2019-04-16T11:31:27","Situation":"flat","Type":"ask","Price":0.11289000,"Amount":162990.00000000,"Done":false},{"Time":"2019-04-16T11:31:27","Situation":"flat","Type":"ask","Price":0.11321000,"Amount":81495.00000000,"Done":false},{"Time":"2019-04-16T11:31:27","Situation":"flat","Type":"ask","Price":0.11420000,"Amount":122834.00000000,"Done":false},{"Time":"2019-04-16T11:36:30","Situation":"flat","Type":"ask","Price":0.11239000,"Amount":92195.40000000,"Done":false},{"Time":"2019-04-16T11:36:30","Situation":"flat","Type":"ask","Price":0.11327000,"Amount":162990.00000000,"Done":false},{"Time":"2019-04-16T11:36:30","Situation":"flat","Type":"ask","Price":0.11383000,"Amount":81495.00000000,"Done":false},{"Time":"2019-04-16T11:36:30","Situation":"flat","Type":"ask","Price":0.11420000,"Amount":122834.00000000,"Done":false},{"Time":"2019-04-16T11:41:31","Situation":"flat","Type":"ask","Price":0.11236000,"Amount":90071.50000000,"Done":false},{"Time":"2019-04-16T11:41:31","Situation":"flat","Type":"ask","Price":0.11327000,"Amount":162990.00000000,"Done":false},{"Time":"2019-04-16T11:41:31","Situation":"flat","Type":"ask","Price":0.11383000,"Amount":81495.00000000,"Done":false},{"Time":"2019-04-16T11:41:31","Situation":"flat","Type":"ask","Price":0.11420000,"Amount":122834.00000000,"Done":false},{"Time":"2019-04-16T11:46:33","Situation":"flat","Type":"ask","Price":0.11327000,"Amount":162990.00000000,"Done":false},{"Time":"2019-04-16T11:46:33","Situation":"flat","Type":"ask","Price":0.11383000,"Amount":81495.00000000,"Done":false},{"Time":"2019-04-16T11:46:33","Situation":"flat","Type":"ask","Price":0.11420000,"Amount":122834.00000000,"Done":false},{"Time":"2019-04-16T11:51:35","Situation":"flat","Type":"ask","Price":0.11327000,"Amount":162990.00000000,"Done":false},{"Time":"2019-04-16T11:51:35","Situation":"flat","Type":"ask","Price":0.11383000,"Amount":81495.00000000,"Done":false},{"Time":"2019-04-16T11:51:35","Situation":"flat","Type":"ask","Price":0.11420000,"Amount":122834.00000000,"Done":false},{"Time":"2019-04-16T11:56:35","Situation":"flat","Type":"ask","Price":0.11327000,"Amount":162990.00000000,"Done":false},{"Time":"2019-04-16T11:56:35","Situation":"flat","Type":"ask","Price":0.11383000,"Amount":81495.00000000,"Done":false},{"Time":"2019-04-16T11:56:35","Situation":"flat","Type":"ask","Price":0.11420000,"Amount":122834.00000000,"Done":false},{"Time":"2019-04-16T12:01:36","Situation":"flat","Type":"ask","Price":0.11327000,"Amount":162990.00000000,"Done":false},{"Time":"2019-04-16T12:01:36","Situation":"flat","Type":"ask","Price":0.11383000,"Amount":81495.00000000,"Done":false},{"Time":"2019-04-16T12:01:36","Situation":"flat","Type":"ask","Price":0.11420000,"Amount":122834.00000000,"Done":false},{"Time":"2019-04-16T12:06:37","Situation":"flat","Type":"ask","Price":0.11327000,"Amount":162990.00000000,"Done":false},{"Time":"2019-04-16T12:06:37","Situation":"flat","Type":"ask","Price":0.11383000,"Amount":81495.00000000,"Done":false},{"Time":"2019-04-16T12:06:37","Situation":"flat","Type":"ask","Price":0.11420000,"Amount":122834.00000000,"Done":false},{"Time":"2019-04-16T12:11:38","Situation":"flat","Type":"ask","Price":0.11327000,"Amount":162990.00000000,"Done":false},{"Time":"2019-04-16T12:11:38","Situation":"flat","Type":"ask","Price":0.11383000,"Amount":81495.00000000,"Done":false},{"Time":"2019-04-16T12:11:38","Situation":"flat","Type":"ask","Price":0.11420000,"Amount":122834.00000000,"Done":false},{"Time":"2019-04-16T12:16:38","Situation":"flat","Type":"ask","Price":0.11327000,"Amount":162990.00000000,"Done":false},{"Time":"2019-04-16T12:16:38","Situation":"flat","Type":"ask","Price":0.11383000,"Amount":81495.00000000,"Done":false},{"Time":"2019-04-16T12:16:38","Situation":"flat","Type":"ask","Price":0.11420000,"Amount":122834.00000000,"Done":false},{"Time":"2019-04-16T12:21:41","Situation":"flat","Type":"ask","Price":0.11327000,"Amount":162990.00000000,"Done":false},{"Time":"2019-04-16T12:21:41","Situation":"flat","Type":"ask","Price":0.11383000,"Amount":81495.00000000,"Done":false},{"Time":"2019-04-16T12:21:41","Situation":"flat","Type":"ask","Price":0.11420000,"Amount":122834.00000000,"Done":false},{"Time":"2019-04-16T12:26:45","Situation":"flat","Type":"ask","Price":0.11327000,"Amount":162990.00000000,"Done":false},{"Time":"2019-04-16T12:26:45","Situation":"flat","Type":"ask","Price":0.11383000,"Amount":81495.00000000,"Done":false},{"Time":"2019-04-16T12:26:45","Situation":"flat","Type":"ask","Price":0.11420000,"Amount":122834.00000000,"Done":false},{"Time":"2019-04-16T12:31:47","Situation":"flat","Type":"ask","Price":0.11296000,"Amount":162990.00000000,"Done":false},{"Time":"2019-04-16T12:31:47","Situation":"flat","Type":"ask","Price":0.11383000,"Amount":81495.00000000,"Done":false},{"Time":"2019-04-16T12:31:47","Situation":"flat","Type":"ask","Price":0.11420000,"Amount":122834.00000000,"Done":false},{"Time":"2019-04-16T12:36:50","Situation":"flat","Type":"ask","Price":0.11296000,"Amount":162990.00000000,"Done":false},{"Time":"2019-04-16T12:36:50","Situation":"flat","Type":"ask","Price":0.11383000,"Amount":81495.00000000,"Done":false},{"Time":"2019-04-16T12:36:50","Situation":"flat","Type":"ask","Price":0.11420000,"Amount":122834.00000000,"Done":false},{"Time":"2019-04-16T12:41:50","Situation":"flat","Type":"ask","Price":0.11296000,"Amount":162990.00000000,"Done":false},{"Time":"2019-04-16T12:41:50","Situation":"flat","Type":"ask","Price":0.11383000,"Amount":81495.00000000,"Done":false},{"Time":"2019-04-16T12:41:50","Situation":"flat","Type":"ask","Price":0.11420000,"Amount":122834.00000000,"Done":false},{"Time":"2019-04-16T12:46:50","Situation":"flat","Type":"ask","Price":0.11265000,"Amount":163438.00000000,"Done":false},{"Time":"2019-04-16T12:46:50","Situation":"flat","Type":"ask","Price":0.11324000,"Amount":81495.00000000,"Done":false},{"Time":"2019-04-16T12:46:50","Situation":"flat","Type":"ask","Price":0.11420000,"Amount":122834.00000000,"Done":false},{"Time":"2019-04-16T12:51:50","Situation":"flat","Type":"ask","Price":0.11265000,"Amount":163437.80000000,"Done":false},{"Time":"2019-04-16T12:51:50","Situation":"flat","Type":"ask","Price":0.11324000,"Amount":81495.00000000,"Done":false},{"Time":"2019-04-16T12:51:50","Situation":"flat","Type":"ask","Price":0.11420000,"Amount":122834.00000000,"Done":false},{"Time":"2019-04-16T12:56:51","Situation":"flat","Type":"ask","Price":0.11265000,"Amount":163437.80000000,"Done":false},{"Time":"2019-04-16T12:56:51","Situation":"flat","Type":"ask","Price":0.11324000,"Amount":81495.00000000,"Done":false},{"Time":"2019-04-16T12:56:51","Situation":"flat","Type":"ask","Price":0.11420000,"Amount":122834.00000000,"Done":false}],"OrderBookBids":[{"Time":"2019-04-16T00:04:15","Situation":"flat","Type":"bid","Price":0.11163000,"Amount":166161.10000000,"Done":false},{"Time":"2019-04-16T00:04:15","Situation":"flat","Type":"bid","Price":0.11108000,"Amount":81673.30000000,"Done":false},{"Time":"2019-04-16T00:04:15","Situation":"flat","Type":"bid","Price":0.11000000,"Amount":106170.90000000,"Done":false},{"Time":"2019-04-16T00:09:19","Situation":"flat","Type":"bid","Price":0.11129000,"Amount":165133.30000000,"Done":false},{"Time":"2019-04-16T00:09:19","Situation":"flat","Type":"bid","Price":0.11108000,"Amount":82077.00000000,"Done":false},{"Time":"2019-04-16T00:09:19","Situation":"flat","Type":"bid","Price":0.11000000,"Amount":106170.90000000,"Done":false},{"Time":"2019-04-16T00:09:19","Situation":"flat","Type":"bid","Price":0.10973000,"Amount":81539.10000000,"Done":false},{"Time":"2019-04-16T00:14:20","Situation":"flat","Type":"bid","Price":0.11129000,"Amount":165133.30000000,"Done":false},{"Time":"2019-04-16T00:14:20","Situation":"flat","Type":"bid","Price":0.11108000,"Amount":81673.30000000,"Done":false},{"Time":"2019-04-16T00:14:20","Situation":"flat","Type":"bid","Price":0.11000000,"Amount":106170.90000000,"Done":false},{"Time":"2019-04-16T00:19:21","Situation":"flat","Type":"bid","Price":0.11160000,"Amount":162990.00000000,"Done":false},{"Time":"2019-04-16T00:19:21","Situation":"flat","Type":"bid","Price":0.11108000,"Amount":81673.30000000,"Done":false},{"Time":"2019-04-16T00:19:21","Situation":"flat","Type":"bid","Price":0.11000000,"Amount":106170.90000000,"Done":false},{"Time":"2019-04-16T00:24:21","Situation":"flat","Type":"bid","Price":0.11160000,"Amount":162990.00000000,"Done":false},{"Time":"2019-04-16T00:24:21","Situation":"flat","Type":"bid","Price":0.11108000,"Amount":81673.30000000,"Done":false},{"Time":"2019-04-16T00:24:21","Situation":"flat","Type":"bid","Price":0.11000000,"Amount":106170.90000000,"Done":false},{"Time":"2019-04-16T00:29:25","Situation":"flat","Type":"bid","Price":0.11160000,"Amount":163167.40000000,"Done":false},{"Time":"2019-04-16T00:29:25","Situation":"flat","Type":"bid","Price":0.11108000,"Amount":81495.00000000,"Done":false},{"Time":"2019-04-16T00:34:28","Situation":"flat","Type":"bid","Price":0.11191000,"Amount":163004.60000000,"Done":false},{"Time":"2019-04-16T00:34:28","Situation":"flat","Type":"bid","Price":0.11108000,"Amount":81495.00000000,"Done":false},{"Time":"2019-04-16T00:34:28","Situation":"flat","Type":"bid","Price":0.11000000,"Amount":106170.90000000,"Done":false},{"Time":"2019-04-16T00:39:28","Situation":"flat","Type":"bid","Price":0.11191000,"Amount":163004.60000000,"Done":false},{"Time":"2019-04-16T00:39:28","Situation":"flat","Type":"bid","Price":0.11108000,"Amount":81495.00000000,"Done":false},{"Time":"2019-04-16T00:39:28","Situation":"flat","Type":"bid","Price":0.11000000,"Amount":106170.90000000,"Done":false},{"Time":"2019-04-16T00:44:30","Situation":"flat","Type":"bid","Price":0.11191000,"Amount":163004.60000000,"Done":false},{"Time":"2019-04-16T00:44:30","Situation":"flat","Type":"bid","Price":0.11108000,"Amount":81495.00000000,"Done":false},{"Time":"2019-04-16T00:49:31","Situation":"flat","Type":"bid","Price":0.11159000,"Amount":162990.00000000,"Done":false},{"Time":"2019-04-16T00:49:31","Situation":"flat","Type":"bid","Price":0.11108000,"Amount":81495.00000000,"Done":false},{"Time":"2019-04-16T00:49:31","Situation":"flat","Type":"bid","Price":0.11000000,"Amount":106170.90000000,"Done":false},{"Time":"2019-04-16T00:54:35","Situation":"flat","Type":"bid","Price":0.11159000,"Amount":186871.50000000,"Done":false},{"Time":"2019-04-16T00:54:35","Situation":"flat","Type":"bid","Price":0.11108000,"Amount":81495.00000000,"Done":false},{"Time":"2019-04-16T00:59:35","Situation":"flat","Type":"bid","Price":0.11159000,"Amount":162990.00000000,"Done":false},{"Time":"2019-04-16T00:59:35","Situation":"flat","Type":"bid","Price":0.11108000,"Amount":81495.00000000,"Done":false},{"Time":"2019-04-16T00:59:35","Situation":"flat","Type":"bid","Price":0.11000000,"Amount":106170.90000000,"Done":false},{"Time":"2019-04-16T01:04:38","Situation":"flat","Type":"bid","Price":0.11159000,"Amount":162990.00000000,"Done":false},{"Time":"2019-04-16T01:04:38","Situation":"flat","Type":"bid","Price":0.11108000,"Amount":84640.30000000,"Done":false},{"Time":"2019-04-16T01:09:40","Situation":"flat","Type":"bid","Price":0.11190000,"Amount":162990.00000000,"Done":false},{"Time":"2019-04-16T01:09:40","Situation":"flat","Type":"bid","Price":0.11108000,"Amount":84640.30000000,"Done":false},{"Time":"2019-04-16T01:14:40","Situation":"flat","Type":"bid","Price":0.11190000,"Amount":162990.00000000,"Done":false},{"Time":"2019-04-16T01:14:40","Situation":"flat","Type":"bid","Price":0.11108000,"Amount":81495.00000000,"Done":false},{"Time":"2019-04-16T01:19:40","Situation":"flat","Type":"bid","Price":0.11190000,"Amount":162990.00000000,"Done":false},{"Time":"2019-04-16T01:19:40","Situation":"flat","Type":"bid","Price":0.11108000,"Amount":81495.00000000,"Done":false},{"Time":"2019-04-16T01:19:40","Situation":"flat","Type":"bid","Price":0.11000000,"Amount":106170.90000000,"Done":false},{"Time":"2019-04-16T01:24:42","Situation":"flat","Type":"bid","Price":0.11190000,"Amount":162990.00000000,"Done":false},{"Time":"2019-04-16T01:24:42","Situation":"flat","Type":"bid","Price":0.11108000,"Amount":81495.00000000,"Done":false},{"Time":"2019-04-16T01:29:45","Situation":"flat","Type":"bid","Price":0.11190000,"Amount":162990.00000000,"Done":false},{"Time":"2019-04-16T01:29:45","Situation":"flat","Type":"bid","Price":0.11108000,"Amount":81495.00000000,"Done":false},{"Time":"2019-04-16T01:34:46","Situation":"flat","Type":"bid","Price":0.11190000,"Amount":162990.00000000,"Done":false},{"Time":"2019-04-16T01:34:46","Situation":"flat","Type":"bid","Price":0.11108000,"Amount":81495.00000000,"Done":false},{"Time":"2019-04-16T01:39:50","Situation":"flat","Type":"bid","Price":0.11190000,"Amount":163255.90000000,"Done":false},{"Time":"2019-04-16T01:39:50","Situation":"flat","Type":"bid","Price":0.11108000,"Amount":81495.00000000,"Done":false},{"Time":"2019-04-16T01:44:52","Situation":"flat","Type":"bid","Price":0.11190000,"Amount":163255.90000000,"Done":false},{"Time":"2019-04-16T01:44:52","Situation":"flat","Type":"bid","Price":0.11108000,"Amount":81495.00000000,"Done":false},{"Time":"2019-04-16T01:49:55","Situation":"flat","Type":"bid","Price":0.11190000,"Amount":163255.90000000,"Done":false},{"Time":"2019-04-16T01:49:55","Situation":"flat","Type":"bid","Price":0.11108000,"Amount":81495.00000000,"Done":false},{"Time":"2019-04-16T01:54:55","Situation":"flat","Type":"bid","Price":0.11190000,"Amount":163255.90000000,"Done":false},{"Time":"2019-04-16T01:54:55","Situation":"flat","Type":"bid","Price":0.11108000,"Amount":81495.00000000,"Done":false},{"Time":"2019-04-16T01:59:55","Situation":"flat","Type":"bid","Price":0.11190000,"Amount":162990.00000000,"Done":false},{"Time":"2019-04-16T01:59:55","Situation":"flat","Type":"bid","Price":0.11108000,"Amount":81495.00000000,"Done":false},{"Time":"2019-04-16T02:04:58","Situation":"flat","Type":"bid","Price":0.11190000,"Amount":162990.00000000,"Done":false},{"Time":"2019-04-16T02:04:58","Situation":"flat","Type":"bid","Price":0.11108000,"Amount":81495.00000000,"Done":false},{"Time":"2019-04-16T02:10:03","Situation":"flat","Type":"bid","Price":0.11190000,"Amount":215672.80000000,"Done":false},{"Time":"2019-04-16T02:10:03","Situation":"flat","Type":"bid","Price":0.11108000,"Amount":81495.00000000,"Done":false},{"Time":"2019-04-16T02:15:05","Situation":"flat","Type":"bid","Price":0.11182000,"Amount":162990.00000000,"Done":false},{"Time":"2019-04-16T02:15:05","Situation":"flat","Type":"bid","Price":0.11119000,"Amount":81495.00000000,"Done":false},{"Time":"2019-04-16T02:20:05","Situation":"flat","Type":"bid","Price":0.11182000,"Amount":162990.00000000,"Done":false},{"Time":"2019-04-16T02:20:05","Situation":"flat","Type":"bid","Price":0.11119000,"Amount":81495.00000000,"Done":false},{"Time":"2019-04-16T02:25:05","Situation":"flat","Type":"bid","Price":0.11182000,"Amount":170020.60000000,"Done":false},{"Time":"2019-04-16T02:25:05","Situation":"flat","Type":"bid","Price":0.11119000,"Amount":81495.00000000,"Done":false},{"Time":"2019-04-16T02:30:06","Situation":"flat","Type":"bid","Price":0.11182000,"Amount":162990.00000000,"Done":false},{"Time":"2019-04-16T02:30:06","Situation":"flat","Type":"bid","Price":0.11119000,"Amount":85939.00000000,"Done":false},{"Time":"2019-04-16T02:35:07","Situation":"flat","Type":"bid","Price":0.11182000,"Amount":162990.00000000,"Done":false},{"Time":"2019-04-16T02:35:07","Situation":"flat","Type":"bid","Price":0.11119000,"Amount":81495.00000000,"Done":false},{"Time":"2019-04-16T02:40:11","Situation":"flat","Type":"bid","Price":0.11182000,"Amount":162990.00000000,"Done":false},{"Time":"2019-04-16T02:40:11","Situation":"flat","Type":"bid","Price":0.11119000,"Amount":81495.00000000,"Done":false},{"Time":"2019-04-16T02:45:11","Situation":"flat","Type":"bid","Price":0.11182000,"Amount":162990.00000000,"Done":false},{"Time":"2019-04-16T02:45:11","Situation":"flat","Type":"bid","Price":0.11119000,"Amount":81495.00000000,"Done":false},{"Time":"2019-04-16T02:50:14","Situation":"flat","Type":"bid","Price":0.11182000,"Amount":162990.00000000,"Done":false},{"Time":"2019-04-16T02:50:14","Situation":"flat","Type":"bid","Price":0.11119000,"Amount":81495.00000000,"Done":false},{"Time":"2019-04-16T02:50:14","Situation":"flat","Type":"bid","Price":0.11006000,"Amount":87182.80000000,"Done":false},{"Time":"2019-04-16T02:55:15","Situation":"flat","Type":"bid","Price":0.11182000,"Amount":162990.00000000,"Done":false},{"Time":"2019-04-16T02:55:15","Situation":"flat","Type":"bid","Price":0.11119000,"Amount":81495.00000000,"Done":false},{"Time":"2019-04-16T03:00:18","Situation":"flat","Type":"bid","Price":0.11182000,"Amount":162990.00000000,"Done":false},{"Time":"2019-04-16T03:00:18","Situation":"flat","Type":"bid","Price":0.11119000,"Amount":81495.00000000,"Done":false},{"Time":"2019-04-16T03:00:18","Situation":"flat","Type":"bid","Price":0.11006000,"Amount":87182.80000000,"Done":false},{"Time":"2019-04-16T03:05:20","Situation":"flat","Type":"bid","Price":0.11182000,"Amount":162990.00000000,"Done":false},{"Time":"2019-04-16T03:05:20","Situation":"flat","Type":"bid","Price":0.11119000,"Amount":81495.00000000,"Done":false},{"Time":"2019-04-16T03:10:20","Situation":"flat","Type":"bid","Price":0.11182000,"Amount":162990.00000000,"Done":false},{"Time":"2019-04-16T03:10:20","Situation":"flat","Type":"bid","Price":0.11119000,"Amount":81495.00000000,"Done":false},{"Time":"2019-04-16T03:15:21","Situation":"flat","Type":"bid","Price":0.11182000,"Amount":162990.00000000,"Done":false},{"Time":"2019-04-16T03:15:21","Situation":"flat","Type":"bid","Price":0.11119000,"Amount":81495.00000000,"Done":false},{"Time":"2019-04-16T03:20:25","Situation":"flat","Type":"bid","Price":0.11182000,"Amount":162990.00000000,"Done":false},{"Time":"2019-04-16T03:20:25","Situation":"flat","Type":"bid","Price":0.11119000,"Amount":81495.00000000,"Done":false},{"Time":"2019-04-16T03:25:25","Situation":"flat","Type":"bid","Price":0.11182000,"Amount":162990.00000000,"Done":false},{"Time":"2019-04-16T03:25:25","Situation":"flat","Type":"bid","Price":0.11119000,"Amount":81495.00000000,"Done":false},{"Time":"2019-04-16T03:30:25","Situation":"flat","Type":"bid","Price":0.11182000,"Amount":163167.10000000,"Done":false},{"Time":"2019-04-16T03:30:25","Situation":"flat","Type":"bid","Price":0.11119000,"Amount":81495.00000000,"Done":false},{"Time":"2019-04-16T03:35:29","Situation":"flat","Type":"bid","Price":0.11182000,"Amount":163433.30000000,"Done":false},{"Time":"2019-04-16T03:35:29","Situation":"flat","Type":"bid","Price":0.11119000,"Amount":81495.00000000,"Done":false},{"Time":"2019-04-16T03:40:29","Situation":"flat","Type":"bid","Price":0.11213000,"Amount":162990.00000000,"Done":false},{"Time":"2019-04-16T03:40:29","Situation":"flat","Type":"bid","Price":0.11119000,"Amount":81495.00000000,"Done":false},{"Time":"2019-04-16T03:45:30","Situation":"flat","Type":"bid","Price":0.11213000,"Amount":162990.00000000,"Done":false},{"Time":"2019-04-16T03:45:30","Situation":"flat","Type":"bid","Price":0.11119000,"Amount":81495.00000000,"Done":false},{"Time":"2019-04-16T03:50:30","Situation":"flat","Type":"bid","Price":0.11180000,"Amount":164858.50000000,"Done":false},{"Time":"2019-04-16T03:50:30","Situation":"flat","Type":"bid","Price":0.11119000,"Amount":81495.00000000,"Done":false},{"Time":"2019-04-16T03:55:33","Situation":"flat","Type":"bid","Price":0.11180000,"Amount":164858.50000000,"Done":false},{"Time":"2019-04-16T03:55:33","Situation":"flat","Type":"bid","Price":0.11119000,"Amount":81495.00000000,"Done":false},{"Time":"2019-04-16T04:00:35","Situation":"flat","Type":"bid","Price":0.11180000,"Amount":173858.50000000,"Done":false},{"Time":"2019-04-16T04:00:35","Situation":"flat","Type":"bid","Price":0.11119000,"Amount":114645.20000000,"Done":false},{"Time":"2019-04-16T04:05:39","Situation":"flat","Type":"bid","Price":0.11211000,"Amount":165454.80000000,"Done":false},{"Time":"2019-04-16T04:05:39","Situation":"flat","Type":"bid","Price":0.11119000,"Amount":81495.00000000,"Done":false},{"Time":"2019-04-16T04:10:40","Situation":"flat","Type":"bid","Price":0.11211000,"Amount":165454.80000000,"Done":false},{"Time":"2019-04-16T04:10:40","Situation":"flat","Type":"bid","Price":0.11119000,"Amount":81495.00000000,"Done":false},{"Time":"2019-04-16T04:15:41","Situation":"flat","Type":"bid","Price":0.11211000,"Amount":165588.30000000,"Done":false},{"Time":"2019-04-16T04:15:41","Situation":"flat","Type":"bid","Price":0.11119000,"Amount":81495.00000000,"Done":false},{"Time":"2019-04-16T04:20:42","Situation":"flat","Type":"bid","Price":0.11211000,"Amount":165454.80000000,"Done":false},{"Time":"2019-04-16T04:20:42","Situation":"flat","Type":"bid","Price":0.11119000,"Amount":81495.00000000,"Done":false},{"Time":"2019-04-16T04:25:44","Situation":"flat","Type":"bid","Price":0.11297000,"Amount":85632.20000000,"Done":false},{"Time":"2019-04-16T04:25:44","Situation":"flat","Type":"bid","Price":0.11283000,"Amount":82301.30000000,"Done":false},{"Time":"2019-04-16T04:25:44","Situation":"flat","Type":"bid","Price":0.11211000,"Amount":165631.50000000,"Done":false},{"Time":"2019-04-16T04:25:44","Situation":"flat","Type":"bid","Price":0.11179000,"Amount":81495.00000000,"Done":false},{"Time":"2019-04-16T04:30:45","Situation":"flat","Type":"bid","Price":0.11302000,"Amount":85594.30000000,"Done":false},{"Time":"2019-04-16T04:30:45","Situation":"flat","Type":"bid","Price":0.11211000,"Amount":165631.50000000,"Done":false},{"Time":"2019-04-16T04:30:45","Situation":"flat","Type":"bid","Price":0.11179000,"Amount":81495.00000000,"Done":false},{"Time":"2019-04-16T04:35:49","Situation":"flat","Type":"bid","Price":0.11302000,"Amount":85594.30000000,"Done":false},{"Time":"2019-04-16T04:35:49","Situation":"flat","Type":"bid","Price":0.11242000,"Amount":163023.00000000,"Done":false},{"Time":"2019-04-16T04:35:49","Situation":"flat","Type":"bid","Price":0.11179000,"Amount":81495.00000000,"Done":false},{"Time":"2019-04-16T04:40:51","Situation":"flat","Type":"bid","Price":0.11302000,"Amount":85594.30000000,"Done":false},{"Time":"2019-04-16T04:40:51","Situation":"flat","Type":"bid","Price":0.11242000,"Amount":163023.00000000,"Done":false},{"Time":"2019-04-16T04:40:51","Situation":"flat","Type":"bid","Price":0.11179000,"Amount":81495.00000000,"Done":false},{"Time":"2019-04-16T04:45:55","Situation":"flat","Type":"bid","Price":0.11302000,"Amount":85594.30000000,"Done":false},{"Time":"2019-04-16T04:45:55","Situation":"flat","Type":"bid","Price":0.11242000,"Amount":163023.00000000,"Done":false},{"Time":"2019-04-16T04:45:55","Situation":"flat","Type":"bid","Price":0.11179000,"Amount":81495.00000000,"Done":false},{"Time":"2019-04-16T04:50:56","Situation":"flat","Type":"bid","Price":0.11242000,"Amount":163023.00000000,"Done":false},{"Time":"2019-04-16T04:50:56","Situation":"flat","Type":"bid","Price":0.11179000,"Amount":81495.00000000,"Done":false},{"Time":"2019-04-16T04:55:56","Situation":"flat","Type":"bid","Price":0.11242000,"Amount":163023.00000000,"Done":false},{"Time":"2019-04-16T04:55:56","Situation":"flat","Type":"bid","Price":0.11179000,"Amount":81495.00000000,"Done":false},{"Time":"2019-04-16T05:01:00","Situation":"flat","Type":"bid","Price":0.11242000,"Amount":163023.00000000,"Done":false},{"Time":"2019-04-16T05:01:00","Situation":"flat","Type":"bid","Price":0.11179000,"Amount":81495.00000000,"Done":false},{"Time":"2019-04-16T05:06:03","Situation":"flat","Type":"bid","Price":0.11242000,"Amount":163023.00000000,"Done":false},{"Time":"2019-04-16T05:06:03","Situation":"flat","Type":"bid","Price":0.11179000,"Amount":81495.00000000,"Done":false},{"Time":"2019-04-16T05:11:05","Situation":"flat","Type":"bid","Price":0.11242000,"Amount":163023.00000000,"Done":false},{"Time":"2019-04-16T05:11:05","Situation":"flat","Type":"bid","Price":0.11179000,"Amount":81495.00000000,"Done":false},{"Time":"2019-04-16T05:16:08","Situation":"flat","Type":"bid","Price":0.11209000,"Amount":163432.50000000,"Done":false},{"Time":"2019-04-16T05:16:08","Situation":"flat","Type":"bid","Price":0.11179000,"Amount":81495.00000000,"Done":false},{"Time":"2019-04-16T05:21:09","Situation":"flat","Type":"bid","Price":0.11209000,"Amount":176238.20000000,"Done":false},{"Time":"2019-04-16T05:21:09","Situation":"flat","Type":"bid","Price":0.11179000,"Amount":81689.00000000,"Done":false},{"Time":"2019-04-16T05:26:10","Situation":"flat","Type":"bid","Price":0.11209000,"Amount":176238.20000000,"Done":false},{"Time":"2019-04-16T05:26:10","Situation":"flat","Type":"bid","Price":0.11179000,"Amount":81689.00000000,"Done":false},{"Time":"2019-04-16T05:31:13","Situation":"flat","Type":"bid","Price":0.11250000,"Amount":210429.00000000,"Done":false},{"Time":"2019-04-16T05:31:13","Situation":"flat","Type":"bid","Price":0.11240000,"Amount":162990.00000000,"Done":false},{"Time":"2019-04-16T05:31:13","Situation":"flat","Type":"bid","Price":0.11179000,"Amount":81495.00000000,"Done":false},{"Time":"2019-04-16T05:36:17","Situation":"flat","Type":"bid","Price":0.11261000,"Amount":185306.70000000,"Done":false},{"Time":"2019-04-16T05:36:17","Situation":"flat","Type":"bid","Price":0.11240000,"Amount":162990.00000000,"Done":false},{"Time":"2019-04-16T05:36:17","Situation":"flat","Type":"bid","Price":0.11179000,"Amount":81495.00000000,"Done":false},{"Time":"2019-04-16T05:41:20","Situation":"flat","Type":"bid","Price":0.11240000,"Amount":162990.00000000,"Done":false},{"Time":"2019-04-16T05:41:20","Situation":"flat","Type":"bid","Price":0.11179000,"Amount":81495.00000000,"Done":false},{"Time":"2019-04-16T05:46:22","Situation":"flat","Type":"bid","Price":0.11240000,"Amount":162990.00000000,"Done":false},{"Time":"2019-04-16T05:46:22","Situation":"flat","Type":"bid","Price":0.11179000,"Amount":81495.00000000,"Done":false},{"Time":"2019-04-16T05:51:25","Situation":"flat","Type":"bid","Price":0.11240000,"Amount":162990.00000000,"Done":false},{"Time":"2019-04-16T05:51:25","Situation":"flat","Type":"bid","Price":0.11179000,"Amount":81495.00000000,"Done":false},{"Time":"2019-04-16T05:56:26","Situation":"flat","Type":"bid","Price":0.11240000,"Amount":162990.00000000,"Done":false},{"Time":"2019-04-16T05:56:26","Situation":"flat","Type":"bid","Price":0.11179000,"Amount":81495.00000000,"Done":false},{"Time":"2019-04-16T06:01:29","Situation":"flat","Type":"bid","Price":0.11240000,"Amount":162990.00000000,"Done":false},{"Time":"2019-04-16T06:01:29","Situation":"flat","Type":"bid","Price":0.11179000,"Amount":81495.00000000,"Done":false},{"Time":"2019-04-16T06:06:29","Situation":"flat","Type":"bid","Price":0.11240000,"Amount":162990.00000000,"Done":false},{"Time":"2019-04-16T06:06:29","Situation":"flat","Type":"bid","Price":0.11179000,"Amount":81495.00000000,"Done":false},{"Time":"2019-04-16T06:11:30","Situation":"flat","Type":"bid","Price":0.11204000,"Amount":164145.20000000,"Done":false},{"Time":"2019-04-16T06:11:30","Situation":"flat","Type":"bid","Price":0.11179000,"Amount":81495.00000000,"Done":false},{"Time":"2019-04-16T06:16:30","Situation":"flat","Type":"bid","Price":0.11204000,"Amount":164145.20000000,"Done":false},{"Time":"2019-04-16T06:16:30","Situation":"flat","Type":"bid","Price":0.11179000,"Amount":90829.20000000,"Done":false},{"Time":"2019-04-16T06:16:30","Situation":"flat","Type":"bid","Price":0.11006000,"Amount":87182.80000000,"Done":false},{"Time":"2019-04-16T06:21:34","Situation":"flat","Type":"bid","Price":0.11204000,"Amount":164145.20000000,"Done":false},{"Time":"2019-04-16T06:21:34","Situation":"flat","Type":"bid","Price":0.11179000,"Amount":90424.70000000,"Done":false},{"Time":"2019-04-16T06:21:34","Situation":"flat","Type":"bid","Price":0.11006000,"Amount":87182.80000000,"Done":false},{"Time":"2019-04-16T06:26:35","Situation":"flat","Type":"bid","Price":0.11204000,"Amount":164145.20000000,"Done":false},{"Time":"2019-04-16T06:26:35","Situation":"flat","Type":"bid","Price":0.11179000,"Amount":85252.00000000,"Done":false},{"Time":"2019-04-16T06:31:35","Situation":"flat","Type":"bid","Price":0.11172000,"Amount":163007.80000000,"Done":false},{"Time":"2019-04-16T06:31:35","Situation":"flat","Type":"bid","Price":0.11116000,"Amount":81495.00000000,"Done":false},{"Time":"2019-04-16T06:31:35","Situation":"flat","Type":"bid","Price":0.11006000,"Amount":87182.80000000,"Done":false},{"Time":"2019-04-16T06:36:36","Situation":"flat","Type":"bid","Price":0.11172000,"Amount":163007.80000000,"Done":false},{"Time":"2019-04-16T06:36:36","Situation":"flat","Type":"bid","Price":0.11116000,"Amount":81588.90000000,"Done":false},{"Time":"2019-04-16T06:41:39","Situation":"flat","Type":"bid","Price":0.11172000,"Amount":163007.80000000,"Done":false},{"Time":"2019-04-16T06:41:39","Situation":"flat","Type":"bid","Price":0.11116000,"Amount":81588.90000000,"Done":false},{"Time":"2019-04-16T06:41:39","Situation":"flat","Type":"bid","Price":0.11006000,"Amount":87182.80000000,"Done":false},{"Time":"2019-04-16T06:46:43","Situation":"flat","Type":"bid","Price":0.11172000,"Amount":163007.80000000,"Done":false},{"Time":"2019-04-16T06:46:43","Situation":"flat","Type":"bid","Price":0.11116000,"Amount":81588.90000000,"Done":false},{"Time":"2019-04-16T06:51:45","Situation":"flat","Type":"bid","Price":0.11172000,"Amount":189842.70000000,"Done":false},{"Time":"2019-04-16T06:51:45","Situation":"flat","Type":"bid","Price":0.11116000,"Amount":84879.30000000,"Done":false},{"Time":"2019-04-16T06:51:45","Situation":"flat","Type":"bid","Price":0.11006000,"Amount":87182.80000000,"Done":false},{"Time":"2019-04-16T06:56:45","Situation":"flat","Type":"bid","Price":0.11172000,"Amount":162990.00000000,"Done":false},{"Time":"2019-04-16T06:56:45","Situation":"flat","Type":"bid","Price":0.11116000,"Amount":84879.30000000,"Done":false},{"Time":"2019-04-16T07:01:46","Situation":"flat","Type":"bid","Price":0.11172000,"Amount":162990.00000000,"Done":false},{"Time":"2019-04-16T07:01:46","Situation":"flat","Type":"bid","Price":0.11116000,"Amount":84879.30000000,"Done":false},{"Time":"2019-04-16T07:06:48","Situation":"flat","Type":"bid","Price":0.11172000,"Amount":162990.00000000,"Done":false},{"Time":"2019-04-16T07:06:48","Situation":"flat","Type":"bid","Price":0.11116000,"Amount":84879.30000000,"Done":false},{"Time":"2019-04-16T07:11:50","Situation":"flat","Type":"bid","Price":0.11172000,"Amount":162990.00000000,"Done":false},{"Time":"2019-04-16T07:11:50","Situation":"flat","Type":"bid","Price":0.11116000,"Amount":84988.50000000,"Done":false},{"Time":"2019-04-16T07:16:50","Situation":"flat","Type":"bid","Price":0.11172000,"Amount":162990.00000000,"Done":false},{"Time":"2019-04-16T07:16:50","Situation":"flat","Type":"bid","Price":0.11116000,"Amount":84988.50000000,"Done":false},{"Time":"2019-04-16T07:21:51","Situation":"flat","Type":"bid","Price":0.11172000,"Amount":162990.00000000,"Done":false},{"Time":"2019-04-16T07:21:51","Situation":"flat","Type":"bid","Price":0.11116000,"Amount":84988.50000000,"Done":false},{"Time":"2019-04-16T07:41:58","Situation":"flat","Type":"bid","Price":0.11182000,"Amount":163881.40000000,"Done":false},{"Time":"2019-04-16T07:41:58","Situation":"flat","Type":"bid","Price":0.11126000,"Amount":81495.00000000,"Done":false},{"Time":"2019-04-16T07:46:58","Situation":"flat","Type":"bid","Price":0.11182000,"Amount":163881.40000000,"Done":false},{"Time":"2019-04-16T07:46:58","Situation":"flat","Type":"bid","Price":0.11126000,"Amount":81495.00000000,"Done":false},{"Time":"2019-04-16T07:52:03","Situation":"flat","Type":"bid","Price":0.11182000,"Amount":163881.40000000,"Done":false},{"Time":"2019-04-16T07:52:03","Situation":"flat","Type":"bid","Price":0.11126000,"Amount":81495.00000000,"Done":false},{"Time":"2019-04-16T07:57:05","Situation":"flat","Type":"bid","Price":0.11182000,"Amount":164015.30000000,"Done":false},{"Time":"2019-04-16T07:57:05","Situation":"flat","Type":"bid","Price":0.11126000,"Amount":81495.00000000,"Done":false},{"Time":"2019-04-16T08:02:06","Situation":"flat","Type":"bid","Price":0.11182000,"Amount":163881.40000000,"Done":false},{"Time":"2019-04-16T08:02:06","Situation":"flat","Type":"bid","Price":0.11126000,"Amount":81495.00000000,"Done":false},{"Time":"2019-04-16T08:07:09","Situation":"flat","Type":"bid","Price":0.11182000,"Amount":163881.40000000,"Done":false},{"Time":"2019-04-16T08:07:09","Situation":"flat","Type":"bid","Price":0.11126000,"Amount":81495.00000000,"Done":false},{"Time":"2019-04-16T08:12:10","Situation":"flat","Type":"bid","Price":0.11182000,"Amount":163881.40000000,"Done":false},{"Time":"2019-04-16T08:12:10","Situation":"flat","Type":"bid","Price":0.11126000,"Amount":81495.00000000,"Done":false},{"Time":"2019-04-16T08:17:14","Situation":"flat","Type":"bid","Price":0.11181000,"Amount":163106.80000000,"Done":false},{"Time":"2019-04-16T08:17:14","Situation":"flat","Type":"bid","Price":0.11126000,"Amount":81495.00000000,"Done":false},{"Time":"2019-04-16T08:17:14","Situation":"flat","Type":"bid","Price":0.11013000,"Amount":81495.00000000,"Done":false},{"Time":"2019-04-16T08:22:15","Situation":"flat","Type":"bid","Price":0.11181000,"Amount":163106.80000000,"Done":false},{"Time":"2019-04-16T08:22:15","Situation":"flat","Type":"bid","Price":0.11126000,"Amount":81495.00000000,"Done":false},{"Time":"2019-04-16T08:27:18","Situation":"flat","Type":"bid","Price":0.11181000,"Amount":163106.80000000,"Done":false},{"Time":"2019-04-16T08:27:18","Situation":"flat","Type":"bid","Price":0.11126000,"Amount":81495.00000000,"Done":false},{"Time":"2019-04-16T08:32:21","Situation":"flat","Type":"bid","Price":0.11212000,"Amount":189746.90000000,"Done":false},{"Time":"2019-04-16T08:32:21","Situation":"flat","Type":"bid","Price":0.11126000,"Amount":81495.00000000,"Done":false},{"Time":"2019-04-16T08:37:25","Situation":"flat","Type":"bid","Price":0.11212000,"Amount":162990.00000000,"Done":false},{"Time":"2019-04-16T08:37:25","Situation":"flat","Type":"bid","Price":0.11126000,"Amount":81495.00000000,"Done":false},{"Time":"2019-04-16T08:42:25","Situation":"flat","Type":"bid","Price":0.11212000,"Amount":162990.00000000,"Done":false},{"Time":"2019-04-16T08:42:25","Situation":"flat","Type":"bid","Price":0.11126000,"Amount":81495.00000000,"Done":false},{"Time":"2019-04-16T08:47:27","Situation":"flat","Type":"bid","Price":0.11243000,"Amount":162990.00000000,"Done":false},{"Time":"2019-04-16T08:47:27","Situation":"flat","Type":"bid","Price":0.11186000,"Amount":81646.70000000,"Done":false},{"Time":"2019-04-16T08:52:30","Situation":"flat","Type":"bid","Price":0.11260000,"Amount":166512.60000000,"Done":false},{"Time":"2019-04-16T08:52:30","Situation":"flat","Type":"bid","Price":0.11243000,"Amount":162990.00000000,"Done":false},{"Time":"2019-04-16T08:52:30","Situation":"flat","Type":"bid","Price":0.11186000,"Amount":81646.70000000,"Done":false},{"Time":"2019-04-16T08:57:30","Situation":"flat","Type":"bid","Price":0.11243000,"Amount":162990.00000000,"Done":false},{"Time":"2019-04-16T08:57:30","Situation":"flat","Type":"bid","Price":0.11186000,"Amount":88634.10000000,"Done":false},{"Time":"2019-04-16T09:02:30","Situation":"flat","Type":"bid","Price":0.11243000,"Amount":187990.00000000,"Done":false},{"Time":"2019-04-16T09:02:30","Situation":"flat","Type":"bid","Price":0.11186000,"Amount":83416.20000000,"Done":false},{"Time":"2019-04-16T09:07:34","Situation":"flat","Type":"bid","Price":0.11243000,"Amount":163130.80000000,"Done":false},{"Time":"2019-04-16T09:07:34","Situation":"flat","Type":"bid","Price":0.11186000,"Amount":83012.00000000,"Done":false},{"Time":"2019-04-16T09:12:36","Situation":"flat","Type":"bid","Price":0.11243000,"Amount":163130.80000000,"Done":false},{"Time":"2019-04-16T09:12:36","Situation":"flat","Type":"bid","Price":0.11186000,"Amount":83012.00000000,"Done":false},{"Time":"2019-04-16T09:17:36","Situation":"flat","Type":"bid","Price":0.11243000,"Amount":162990.00000000,"Done":false},{"Time":"2019-04-16T09:17:36","Situation":"flat","Type":"bid","Price":0.11186000,"Amount":83012.00000000,"Done":false},{"Time":"2019-04-16T09:22:38","Situation":"flat","Type":"bid","Price":0.11243000,"Amount":162990.00000000,"Done":false},{"Time":"2019-04-16T09:22:38","Situation":"flat","Type":"bid","Price":0.11186000,"Amount":83012.00000000,"Done":false},{"Time":"2019-04-16T09:27:39","Situation":"flat","Type":"bid","Price":0.11243000,"Amount":162990.00000000,"Done":false},{"Time":"2019-04-16T09:27:39","Situation":"flat","Type":"bid","Price":0.11186000,"Amount":83012.00000000,"Done":false},{"Time":"2019-04-16T09:32:43","Situation":"flat","Type":"bid","Price":0.11243000,"Amount":162990.00000000,"Done":false},{"Time":"2019-04-16T09:32:43","Situation":"flat","Type":"bid","Price":0.11186000,"Amount":83012.00000000,"Done":false},{"Time":"2019-04-16T09:37:46","Situation":"flat","Type":"bid","Price":0.11243000,"Amount":162990.00000000,"Done":false},{"Time":"2019-04-16T09:37:46","Situation":"flat","Type":"bid","Price":0.11186000,"Amount":83012.00000000,"Done":false},{"Time":"2019-04-16T09:42:50","Situation":"flat","Type":"bid","Price":0.11243000,"Amount":162990.00000000,"Done":false},{"Time":"2019-04-16T09:42:50","Situation":"flat","Type":"bid","Price":0.11186000,"Amount":83012.00000000,"Done":false},{"Time":"2019-04-16T09:47:51","Situation":"flat","Type":"bid","Price":0.11243000,"Amount":163611.50000000,"Done":false},{"Time":"2019-04-16T09:47:51","Situation":"flat","Type":"bid","Price":0.11186000,"Amount":81646.70000000,"Done":false},{"Time":"2019-04-16T09:52:55","Situation":"flat","Type":"bid","Price":0.11243000,"Amount":162990.00000000,"Done":false},{"Time":"2019-04-16T09:52:55","Situation":"flat","Type":"bid","Price":0.11186000,"Amount":81646.70000000,"Done":false},{"Time":"2019-04-16T09:57:55","Situation":"flat","Type":"bid","Price":0.11243000,"Amount":162990.00000000,"Done":false},{"Time":"2019-04-16T09:57:55","Situation":"flat","Type":"bid","Price":0.11186000,"Amount":81646.70000000,"Done":false},{"Time":"2019-04-16T10:02:56","Situation":"flat","Type":"bid","Price":0.11243000,"Amount":162990.00000000,"Done":false},{"Time":"2019-04-16T10:02:56","Situation":"flat","Type":"bid","Price":0.11186000,"Amount":81646.70000000,"Done":false},{"Time":"2019-04-16T10:07:57","Situation":"flat","Type":"bid","Price":0.11208000,"Amount":170987.40000000,"Done":false},{"Time":"2019-04-16T10:07:57","Situation":"flat","Type":"bid","Price":0.11186000,"Amount":81646.70000000,"Done":false},{"Time":"2019-04-16T10:10:59","Situation":"trend","Type":"bid","Price":0.11167000,"Amount":165497.30000000,"Done":false},{"Time":"2019-04-16T10:10:59","Situation":"trend","Type":"bid","Price":0.11125000,"Amount":84191.30000000,"Done":false},{"Time":"2019-04-16T10:16:00","Situation":"flat","Type":"bid","Price":0.11134000,"Amount":162990.00000000,"Done":false},{"Time":"2019-04-16T10:16:00","Situation":"flat","Type":"bid","Price":0.11125000,"Amount":84191.30000000,"Done":false},{"Time":"2019-04-16T10:21:04","Situation":"flat","Type":"bid","Price":0.11165000,"Amount":163019.20000000,"Done":false},{"Time":"2019-04-16T10:21:04","Situation":"flat","Type":"bid","Price":0.11125000,"Amount":84191.30000000,"Done":false},{"Time":"2019-04-16T10:26:08","Situation":"flat","Type":"bid","Price":0.11165000,"Amount":163162.20000000,"Done":false},{"Time":"2019-04-16T10:26:08","Situation":"flat","Type":"bid","Price":0.11125000,"Amount":84191.30000000,"Done":false},{"Time":"2019-04-16T10:31:10","Situation":"flat","Type":"bid","Price":0.11120000,"Amount":171890.00000000,"Done":false},{"Time":"2019-04-16T10:31:10","Situation":"flat","Type":"bid","Price":0.11064000,"Amount":81495.00000000,"Done":false},{"Time":"2019-04-16T10:36:11","Situation":"flat","Type":"bid","Price":0.11120000,"Amount":162990.00000000,"Done":false},{"Time":"2019-04-16T10:36:11","Situation":"flat","Type":"bid","Price":0.11064000,"Amount":81495.00000000,"Done":false},{"Time":"2019-04-16T10:41:15","Situation":"flat","Type":"bid","Price":0.11120000,"Amount":162990.00000000,"Done":false},{"Time":"2019-04-16T10:41:15","Situation":"flat","Type":"bid","Price":0.11064000,"Amount":81495.00000000,"Done":false},{"Time":"2019-04-16T10:46:15","Situation":"flat","Type":"bid","Price":0.11120000,"Amount":162990.00000000,"Done":false},{"Time":"2019-04-16T10:46:15","Situation":"flat","Type":"bid","Price":0.11064000,"Amount":81495.00000000,"Done":false},{"Time":"2019-04-16T10:51:17","Situation":"flat","Type":"bid","Price":0.11120000,"Amount":162990.00000000,"Done":false},{"Time":"2019-04-16T10:51:17","Situation":"flat","Type":"bid","Price":0.11064000,"Amount":81495.00000000,"Done":false},{"Time":"2019-04-16T10:56:20","Situation":"flat","Type":"bid","Price":0.11120000,"Amount":162990.00000000,"Done":false},{"Time":"2019-04-16T10:56:20","Situation":"flat","Type":"bid","Price":0.11064000,"Amount":81495.00000000,"Done":false},{"Time":"2019-04-16T11:01:21","Situation":"flat","Type":"bid","Price":0.11120000,"Amount":162990.00000000,"Done":false},{"Time":"2019-04-16T11:01:21","Situation":"flat","Type":"bid","Price":0.11064000,"Amount":81495.00000000,"Done":false},{"Time":"2019-04-16T11:01:21","Situation":"flat","Type":"bid","Price":0.11050000,"Amount":96700.20000000,"Done":false},{"Time":"2019-04-16T11:06:21","Situation":"flat","Type":"bid","Price":0.11120000,"Amount":162990.00000000,"Done":false},{"Time":"2019-04-16T11:06:21","Situation":"flat","Type":"bid","Price":0.11064000,"Amount":81495.00000000,"Done":false},{"Time":"2019-04-16T11:11:21","Situation":"flat","Type":"bid","Price":0.11120000,"Amount":162990.00000000,"Done":false},{"Time":"2019-04-16T11:11:21","Situation":"flat","Type":"bid","Price":0.11064000,"Amount":81495.00000000,"Done":false},{"Time":"2019-04-16T11:16:21","Situation":"flat","Type":"bid","Price":0.11120000,"Amount":162990.00000000,"Done":false},{"Time":"2019-04-16T11:16:21","Situation":"flat","Type":"bid","Price":0.11064000,"Amount":81495.00000000,"Done":false},{"Time":"2019-04-16T11:16:21","Situation":"flat","Type":"bid","Price":0.11013000,"Amount":81495.00000000,"Done":false},{"Time":"2019-04-16T11:21:23","Situation":"flat","Type":"bid","Price":0.11120000,"Amount":162990.00000000,"Done":false},{"Time":"2019-04-16T11:21:23","Situation":"flat","Type":"bid","Price":0.11064000,"Amount":81495.00000000,"Done":false},{"Time":"2019-04-16T11:26:26","Situation":"flat","Type":"bid","Price":0.11120000,"Amount":162990.00000000,"Done":false},{"Time":"2019-04-16T11:26:26","Situation":"flat","Type":"bid","Price":0.11064000,"Amount":81495.00000000,"Done":false},{"Time":"2019-04-16T11:31:27","Situation":"flat","Type":"bid","Price":0.11120000,"Amount":162990.00000000,"Done":false},{"Time":"2019-04-16T11:31:27","Situation":"flat","Type":"bid","Price":0.11064000,"Amount":81495.00000000,"Done":false},{"Time":"2019-04-16T11:36:30","Situation":"flat","Type":"bid","Price":0.11151000,"Amount":162990.00000000,"Done":false},{"Time":"2019-04-16T11:36:30","Situation":"flat","Type":"bid","Price":0.11064000,"Amount":81495.00000000,"Done":false},{"Time":"2019-04-16T11:41:31","Situation":"flat","Type":"bid","Price":0.11151000,"Amount":162990.00000000,"Done":false},{"Time":"2019-04-16T11:41:31","Situation":"flat","Type":"bid","Price":0.11100000,"Amount":86600.50000000,"Done":false},{"Time":"2019-04-16T11:41:31","Situation":"flat","Type":"bid","Price":0.11064000,"Amount":81495.00000000,"Done":false},{"Time":"2019-04-16T11:46:33","Situation":"flat","Type":"bid","Price":0.11151000,"Amount":162990.00000000,"Done":false},{"Time":"2019-04-16T11:46:33","Situation":"flat","Type":"bid","Price":0.11100000,"Amount":86600.50000000,"Done":false},{"Time":"2019-04-16T11:46:33","Situation":"flat","Type":"bid","Price":0.11064000,"Amount":81495.00000000,"Done":false},{"Time":"2019-04-16T11:51:35","Situation":"flat","Type":"bid","Price":0.11151000,"Amount":162990.00000000,"Done":false},{"Time":"2019-04-16T11:51:35","Situation":"flat","Type":"bid","Price":0.11100000,"Amount":86600.50000000,"Done":false},{"Time":"2019-04-16T11:51:35","Situation":"flat","Type":"bid","Price":0.11064000,"Amount":81495.00000000,"Done":false},{"Time":"2019-04-16T11:56:35","Situation":"flat","Type":"bid","Price":0.11151000,"Amount":162990.00000000,"Done":false},{"Time":"2019-04-16T11:56:35","Situation":"flat","Type":"bid","Price":0.11100000,"Amount":83366.20000000,"Done":false},{"Time":"2019-04-16T11:56:35","Situation":"flat","Type":"bid","Price":0.11064000,"Amount":81495.00000000,"Done":false},{"Time":"2019-04-16T11:56:35","Situation":"flat","Type":"bid","Price":0.11013000,"Amount":81495.00000000,"Done":false},{"Time":"2019-04-16T12:01:36","Situation":"flat","Type":"bid","Price":0.11151000,"Amount":162990.00000000,"Done":false},{"Time":"2019-04-16T12:01:36","Situation":"flat","Type":"bid","Price":0.11100000,"Amount":86600.50000000,"Done":false},{"Time":"2019-04-16T12:01:36","Situation":"flat","Type":"bid","Price":0.11064000,"Amount":81495.00000000,"Done":false}