{"OrderBookAsks":[{"Time":"2019-04-16T00:09:19","Situation":"flat","Type":"ask","Price":19.10000000,"Amount":8205.26000000,"Done":false},{"Time":"2019-04-16T00:10:05","Situation":"trend","Type":"ask","Price":19.10000000,"Amount":8412.01000000,"Done":false},{"Time":"2019-04-16T00:12:41","Situation":"trend","Type":"ask","Price":19.10000000,"Amount":8205.26000000,"Done":true},{"Time":"2019-04-16T04:41:26","Situation":"trend","Type":"ask","Price":18.83000000,"Amount":11516.38000000,"Done":false}],"OrderBookBids":[],"TradeHistory":[{"Time":"2019-04-16T00:04:15","Situation":"trend","Id":"21162368","Type":"market","Side":"sell","OrderTime":"2019-04-15T23:59:54","Price":19.27090000,"Amount":698.24000000},{"Time":"2019-04-16T00:04:15","Situation":"trend","Id":"21162382","Type":"market","Side":"buy","OrderTime":"2019-04-15T23:59:59","Price":19.28880000,"Amount":587.20000000},{"Time":"2019-04-16T00:04:15","Situation":"trend","Id":"21162481","Type":"market","Side":"sell","OrderTime":"2019-04-16T00:00:44","Price":19.25450000,"Amount":719.49000000},{"Time":"2019-04-16T00:04:15","Situation":"trend","Id":"21162520","Type":"market","Side":"buy","OrderTime":"2019-04-16T00:01:24","Price":19.22860000,"Amount":682.92000000},{"Time":"2019-04-16T00:04:15","Situation":"trend","Id":"21162521","Type":"market","Side":"sell","OrderTime":"2019-04-16T00:01:26","Price":19.22430000,"Amount":793.07000000},{"Time":"2019-04-16T00:04:15","Situation":"trend","Id":"21162522","Type":"market","Side":"sell","OrderTime":"2019-04-16T00:01:26","Price":19.22220000,"Amount":573.09000000},{"Time":"2019-04-16T00:04:15","Situation":"trend","Id":"21162628","Type":"market","Side":"sell","OrderTime":"2019-04-16T00:03:55","Price":19.19650000,"Amount":964.96000000},{"Time":"2019-04-16T00:04:15","Situation":"trend","Id":"21162636","Type":"market","Side":"buy","OrderTime":"2019-04-16T00:04:02","Price":19.18870000,"Amount":700.49000000},{"Time":"2019-04-16T00:04:15","Situation":"trend","Id":"21162641","Type":"market","Side":"sell","OrderTime":"2019-04-16T00:04:10","Price":19.19480000,"Amount":754.48000000},{"Time":"2019-04-16T00:09:19","Situation":"flat","Id":"21162695","Type":"market","Side":"sell","OrderTime":"2019-04-16T00:05:01","Price":19.17670000,"Amount":559.55000000},{"Time":"2019-04-16T00:09:19","Situation":"flat","Id":"21162788","Type":"market","Side":"buy","OrderTime":"2019-04-16T00:07:19","Price":19.15710000,"Amount":545.76000000},{"Time":"2019-04-16T00:09:19","Situation":"flat","Id":"21162815","Type":"market","Side":"buy","OrderTime":"2019-04-16T00:07:45","Price":19.14370000,"Amount":792.36000000},{"Time":"2019-04-16T00:09:19","Situation":"flat","Id":"21162912","Type":"market","Side":"sell","OrderTime":"2019-04-16T00:08:58","Price":19.10920000,"Amount":887.98000000},{"Time":"2019-04-16T00:09:19","Situation":"flat","Id":"21162928","Type":"market","Side":"sell","OrderTime":"2019-04-16T00:09:06","Price":19.10000000,"Amount":536.25000000},{"Time":"2019-04-16T00:12:41","Situation":"trend","Id":"21163141","Type":"market","Side":"buy","OrderTime":"2019-04-16T00:11:18","Price":19.03690000,"Amount":733.51000000},{"Time":"2019-04-16T00:17:43","Situation":"flat","Id":"21163349","Type":"market","Side":"sell","OrderTime":"2019-04-16T00:14:10","Price":19.20470000,"Amount":557.88000000},{"Time":"2019-04-16T00:17:43","Situation":"flat","Id":"21163507","Type":"market","Side":"buy","OrderTime":"2019-04-16T00:16:50","Price":19.21530000,"Amount":731.40000000},{"Time":"2019-04-16T00:21:31","Situation":"trend","Id":"21163589","Type":"market","Side":"buy","OrderTime":"2019-04-16T00:18:35","Price":19.20250000,"Amount":932.72000000},{"Time":"2019-04-16T00:26:35","Situation":"flat","Id":"21163722","Type":"market","Side":"buy","OrderTime":"2019-04-16T00:23:04","Price":19.11630000,"Amount":669.02000000},{"Time":"2019-04-16T00:26:35","Situation":"flat","Id":"21163822","Type":"market","Side":"buy","OrderTime":"2019-04-16T00:25:44","Price":19.09850000,"Amount":645.45000000},{"Time":"2019-04-16T00:31:35","Situation":"flat","Id":"21163879","Type":"market","Side":"sell","OrderTime":"2019-04-16T00:27:00","Price":19.16770000,"Amount":723.30000000},{"Time":"2019-04-16T00:31:35","Situation":"flat","Id":"21163915","Type":"market","Side":"buy","OrderTime":"2019-04-16T00:28:46","Price":19.15430000,"Amount":614.28000000},{"Time":"2019-04-16T00:31:35","Situation":"flat","Id":"21163979","Type":"market","Side":"sell","OrderTime":"2019-04-16T00:30:18","Price":19.12890000,"Amount":668.50000000},{"Time":"2019-04-16T00:36:53","Situation":"flat","Id":"21164098","Type":"market","Side":"sell","OrderTime":"2019-04-16T00:34:07","Price":19.09390000,"Amount":582.73000000},{"Time":"2019-04-16T00:36:53","Situation":"flat","Id":"21164112","Type":"market","Side":"buy","OrderTime":"2019-04-16T00:34:58","Price":19.09870000,"Amount":684.91000000},{"Time":"2019-04-16T00:36:53","Situation":"flat","Id":"21164129","Type":"market","Side":"buy","OrderTime":"2019-04-16T00:35:32","Price":19.11540000,"Amount":673.38000000},{"Time":"2019-04-16T00:41:55","Situation":"flat","Id":"21164214","Type":"market","Side":"buy","OrderTime":"2019-04-16T00:39:04","Price":19.10690000,"Amount":775.64000000},{"Time":"2019-04-16T00:41:55","Situation":"flat","Id":"21164220","Type":"market","Side":"buy","OrderTime":"2019-04-16T00:39:22","Price":19.09810000,"Amount":583.68000000},{"Time":"2019-04-16T00:46:56","Situation":"flat","Id":"21164323","Type":"market","Side":"sell","OrderTime":"2019-04-16T00:44:15","Price":19.06320000,"Amount":855.26000000},{"Time":"2019-04-16T00:46:56","Situation":"flat","Id":"21164339","Type":"market","Side":"buy","OrderTime":"2019-04-16T00:45:41","Price":19.06490000,"Amount":735.00000000},{"Time":"2019-04-16T00:48:54","Situation":"trend","Id":"21164390","Type":"market","Side":"sell","OrderTime":"2019-04-16T00:47:01","Price":19.13090000,"Amount":621.12000000},{"Time":"2019-04-16T00:48:54","Situation":"trend","Id":"21164426","Type":"market","Side":"buy","OrderTime":"2019-04-16T00:48:31","Price":19.13000000,"Amount":590.88000000},{"Time":"2019-04-16T00:58:55","Situation":"flat","Id":"21164788","Type":"market","Side":"buy","OrderTime":"2019-04-16T00:55:02","Price":19.16390000,"Amount":586.51000000},{"Time":"2019-04-16T00:58:55","Situation":"flat","Id":"21164828","Type":"market","Side":"sell","OrderTime":"2019-04-16T00:55:57","Price":19.19510000,"Amount":564.40000000},{"Time":"2019-04-16T00:58:55","Situation":"flat","Id":"21164898","Type":"market","Side":"buy","OrderTime":"2019-04-16T00:57:26","Price":19.17530000,"Amount":545.51000000},{"Time":"2019-04-16T00:58:55","Situation":"flat","Id":"21164902","Type":"market","Side":"buy","OrderTime":"2019-04-16T00:57:46","Price":19.17390000,"Amount":568.05000000},{"Time":"2019-04-16T01:09:00","Situation":"flat","Id":"21164971","Type":"market","Side":"sell","OrderTime":"2019-04-16T01:04:34","Price":19.16780000,"Amount":564.71000000},{"Time":"2019-04-16T01:09:00","Situation":"flat","Id":"21165019","Type":"market","Side":"buy","OrderTime":"2019-04-16T01:07:33","Price":19.16470000,"Amount":565.87000000},{"Time":"2019-04-16T01:09:00","Situation":"flat","Id":"21165029","Type":"market","Side":"buy","OrderTime":"2019-04-16T01:08:05","Price":19.16420000,"Amount":517.92000000},{"Time":"2019-04-16T01:14:05","Situation":"flat","Id":"21165174","Type":"market","Side":"sell","OrderTime":"2019-04-16T01:13:48","Price":19.17670000,"Amount":619.60000000},{"Time":"2019-04-16T01:19:06","Situation":"flat","Id":"21165229","Type":"market","Side":"buy","OrderTime":"2019-04-16T01:17:44","Price":19.19120000,"Amount":617.27000000},{"Time":"2019-04-16T01:24:07","Situation":"flat","Id":"21165288","Type":"market","Side":"buy","OrderTime":"2019-04-16T01:23:04","Price":19.19200000,"Amount":505.02000000},{"Time":"2019-04-16T01:29:09","Situation":"flat","Id":"21165377","Type":"market","Side":"sell","OrderTime":"2019-04-16T01:26:26","Price":19.19600000,"Amount":567.55000000},{"Time":"2019-04-16T01:34:10","Situation":"flat","Id":"21165449","Type":"market","Side":"sell","OrderTime":"2019-04-16T01:32:18","Price":19.18420000,"Amount":643.35000000},{"Time":"2019-04-16T01:34:10","Situation":"flat","Id":"21165475","Type":"market","Side":"sell","OrderTime":"2019-04-16T01:33:59","Price":19.18620000,"Amount":697.44000000},{"Time":"2019-04-16T01:34:10","Situation":"flat","Id":"21165480","Type":"market","Side":"buy","OrderTime":"2019-04-16T01:34:08","Price":19.18750000,"Amount":681.41000000},{"Time":"2019-04-16T01:39:11","Situation":"flat","Id":"21165494","Type":"market","Side":"buy","OrderTime":"2019-04-16T01:36:47","Price":19.18250000,"Amount":582.55000000},{"Time":"2019-04-16T01:39:11","Situation":"flat","Id":"21165499","Type":"market","Side":"sell","OrderTime":"2019-04-16T01:36:59","Price":19.18000000,"Amount":640.74000000},{"Time":"2019-04-16T01:44:12","Situation":"flat","Id":"21165540","Type":"market","Side":"buy","OrderTime":"2019-04-16T01:39:41","Price":19.16300000,"Amount":520.16000000},{"Time":"2019-04-16T01:44:12","Situation":"flat","Id":"21165545","Type":"market","Side":"buy","OrderTime":"2019-04-16T01:40:01","Price":19.16190000,"Amount":678.95000000},{"Time":"2019-04-16T02:04:15","Situation":"flat","Id":"21165892","Type":"market","Side":"buy","OrderTime":"2019-04-16T02:04:11","Price":19.13500000,"Amount":732.61000000},{"Time":"2019-04-16T02:09:16","Situation":"flat","Id":"21165953","Type":"market","Side":"buy","OrderTime":"2019-04-16T02:08:33","Price":19.12490000,"Amount":836.13000000},{"Time":"2019-04-16T02:14:18","Situation":"flat","Id":"21165990","Type":"market","Side":"buy","OrderTime":"2019-04-16T02:10:54","Price":19.12270000,"Amount":571.83000000},{"Time":"2019-04-16T02:14:18","Situation":"flat","Id":"21166027","Type":"market","Side":"buy","OrderTime":"2019-04-16T02:13:51","Price":19.12200000,"Amount":570.07000000},{"Time":"2019-04-16T02:19:18","Situation":"flat","Id":"21166086","Type":"market","Side":"buy","OrderTime":"2019-04-16T02:16:47","Price":19.11850000,"Amount":679.82000000},{"Time":"2019-04-16T02:24:21","Situation":"flat","Id":"21166164","Type":"market","Side":"buy","OrderTime":"2019-04-16T02:22:46","Price":19.08820000,"Amount":549.08000000},{"Time":"2019-04-16T02:29:24","Situation":"flat","Id":"21166225","Type":"market","Side":"buy","OrderTime":"2019-04-16T02:24:56","Price":19.07710000,"Amount":686.72000000},{"Time":"2019-04-16T02:29:24","Situation":"flat","Id":"21166258","Type":"market","Side":"sell","OrderTime":"2019-04-16T02:26:45","Price":19.07850000,"Amount":577.51000000},{"Time":"2019-04-16T02:29:24","Situation":"flat","Id":"21166261","Type":"market","Side":"sell","OrderTime":"2019-04-16T02:27:35","Price":19.08100000,"Amount":730.04000000},{"Time":"2019-04-16T02:29:24","Situation":"flat","Id":"21166290","Type":"market","Side":"sell","OrderTime":"2019-04-16T02:28:50","Price":19.06450000,"Amount":505.16000000},{"Time":"2019-04-16T02:29:24","Situation":"flat","Id":"21166293","Type":"market","Side":"buy","OrderTime":"2019-04-16T02:29:08","Price":19.06630000,"Amount":541.24000000},{"Time":"2019-04-16T02:41:38","Situation":"trend","Id":"21166797","Type":"market","Side":"buy","OrderTime":"2019-04-16T02:38:09","Price":18.95000000,"Amount":730.00000000},{"Time":"2019-04-16T02:41:38","Situation":"trend","Id":"21166984","Type":"market","Side":"buy","OrderTime":"2019-04-16T02:39:38","Price":18.97400000,"Amount":638.49000000},{"Time":"2019-04-16T02:45:15","Situation":"trend","Id":"21167497","Type":"market","Side":"buy","OrderTime":"2019-04-16T02:44:09","Price":18.83020000,"Amount":535.57000000},{"Time":"2019-04-16T02:50:15","Situation":"flat","Id":"21167600","Type":"market","Side":"buy","OrderTime":"2019-04-16T02:46:07","Price":18.94180000,"Amount":764.14000000},{"Time":"2019-04-16T02:50:15","Situation":"flat","Id":"21167663","Type":"market","Side":"sell","OrderTime":"2019-04-16T02:49:13","Price":18.95750000,"Amount":537.08000000},{"Time":"2019-04-16T02:50:15","Situation":"flat","Id":"21167672","Type":"market","Side":"buy","OrderTime":"2019-04-16T02:49:35","Price":18.95130000,"Amount":870.90000000},{"Time":"2019-04-16T02:53:38","Situation":"trend","Id":"21167700","Type":"market","Side":"buy","OrderTime":"2019-04-16T02:50:58","Price":18.92990000,"Amount":500.39000000},{"Time":"2019-04-16T02:53:38","Situation":"trend","Id":"21167741","Type":"market","Side":"buy","OrderTime":"2019-04-16T02:53:04","Price":18.90460000,"Amount":807.37000000},{"Time":"2019-04-16T03:03:43","Situation":"flat","Id":"21167940","Type":"market","Side":"sell","OrderTime":"2019-04-16T02:58:53","Price":18.85620000,"Amount":520.90000000},{"Time":"2019-04-16T03:03:43","Situation":"flat","Id":"21167977","Type":"market","Side":"buy","OrderTime":"2019-04-16T03:01:09","Price":18.85850000,"Amount":1000.00000000},{"Time":"2019-04-16T03:08:47","Situation":"flat","Id":"21168030","Type":"market","Side":"buy","OrderTime":"2019-04-16T03:03:53","Price":18.85030000,"Amount":561.47000000},{"Time":"2019-04-16T03:08:47","Situation":"flat","Id":"21168118","Type":"market","Side":"buy","OrderTime":"2019-04-16T03:05:13","Price":18.85800000,"Amount":2565.98000000},{"Time":"2019-04-16T03:08:47","Situation":"flat","Id":"21168125","Type":"market","Side":"buy","OrderTime":"2019-04-16T03:05:15","Price":18.84830000,"Amount":555.47000000},{"Time":"2019-04-16T03:08:47","Situation":"flat","Id":"21168181","Type":"market","Side":"buy","OrderTime":"2019-04-16T03:06:37","Price":18.83850000,"Amount":898.15000000},{"Time":"2019-04-16T03:17:34","Situation":"trend","Id":"21168398","Type":"market","Side":"buy","OrderTime":"2019-04-16T03:15:28","Price":18.90330000,"Amount":864.62000000},{"Time":"2019-04-16T03:17:34","Situation":"trend","Id":"21168430","Type":"market","Side":"buy","OrderTime":"2019-04-16T03:16:20","Price":18.93190000,"Amount":712.09000000},{"Time":"2019-04-16T03:22:35","Situation":"flat","Id":"21168614","Type":"market","Side":"buy","OrderTime":"2019-04-16T03:19:57","Price":19.02690000,"Amount":539.84000000},{"Time":"2019-04-16T03:22:35","Situation":"flat","Id":"21168616","Type":"market","Side":"buy","OrderTime":"2019-04-16T03:20:06","Price":19.02650000,"Amount":544.16000000},{"Time":"2019-04-16T03:27:36","Situation":"flat","Id":"21168766","Type":"market","Side":"buy","OrderTime":"2019-04-16T03:25:43","Price":19.07320000,"Amount":619.85000000},{"Time":"2019-04-16T03:27:36","Situation":"flat","Id":"21168781","Type":"market","Side":"buy","OrderTime":"2019-04-16T03:26:00","Price":19.08000000,"Amount":500.00000000},{"Time":"2019-04-16T03:27:36","Situation":"flat","Id":"21168840","Type":"market","Side":"buy","OrderTime":"2019-04-16T03:26:33","Price":19.06960000,"Amount":590.51000000},{"Time":"2019-04-16T03:37:22","Situation":"trend","Id":"21169116","Type":"market","Side":"buy","OrderTime":"2019-04-16T03:35:49","Price":19.07880000,"Amount":534.64000000},{"Time":"2019-04-16T03:37:22","Situation":"trend","Id":"21169137","Type":"market","Side":"sell","OrderTime":"2019-04-16T03:36:45","Price":19.08220000,"Amount":600.79000000},{"Time":"2019-04-16T03:44:20","Situation":"flat","Id":"21169331","Type":"market","Side":"buy","OrderTime":"2019-04-16T03:39:57","Price":19.06070000,"Amount":608.15000000},{"Time":"2019-04-16T03:44:20","Situation":"flat","Id":"21169345","Type":"market","Side":"buy","OrderTime":"2019-04-16T03:40:52","Price":19.02930000,"Amount":502.08000000},{"Time":"2019-04-16T03:44:20","Situation":"flat","Id":"21169365","Type":"market","Side":"sell","OrderTime":"2019-04-16T03:41:34","Price":19.00000000,"Amount":2249.16000000},{"Time":"2019-04-16T03:44:20","Situation":"flat","Id":"21169403","Type":"market","Side":"buy","OrderTime":"2019-04-16T03:42:52","Price":19.01130000,"Amount":555.53000000},{"Time":"2019-04-16T03:54:23","Situation":"flat","Id":"21169590","Type":"market","Side":"buy","OrderTime":"2019-04-16T03:52:33","Price":19.05160000,"Amount":587.60000000},{"Time":"2019-04-16T03:59:24","Situation":"flat","Id":"21169719","Type":"market","Side":"buy","OrderTime":"2019-04-16T03:58:07","Price":19.00330000,"Amount":696.27000000},{"Time":"2019-04-16T04:09:28","Situation":"flat","Id":"21169985","Type":"market","Side":"sell","OrderTime":"2019-04-16T04:08:37","Price":18.98670000,"Amount":540.08000000},{"Time":"2019-04-16T04:09:28","Situation":"flat","Id":"21169996","Type":"market","Side":"buy","OrderTime":"2019-04-16T04:09:03","Price":18.96610000,"Amount":1038.92000000},{"Time":"2019-04-16T04:14:30","Situation":"flat","Id":"21170011","Type":"market","Side":"buy","OrderTime":"2019-04-16T04:09:34","Price":18.98820000,"Amount":589.67000000},{"Time":"2019-04-16T04:14:30","Situation":"flat","Id":"21170033","Type":"market","Side":"sell","OrderTime":"2019-04-16T04:09:47","Price":18.95000000,"Amount":734.66000000},{"Time":"2019-04-16T04:14:30","Situation":"flat","Id":"21170062","Type":"market","Side":"sell","OrderTime":"2019-04-16T04:11:27","Price":18.96500000,"Amount":500.00000000},{"Time":"2019-04-16T04:14:30","Situation":"flat","Id":"21170069","Type":"market","Side":"sell","OrderTime":"2019-04-16T04:11:39","Price":18.95510000,"Amount":653.32000000},{"Time":"2019-04-16T04:14:30","Situation":"flat","Id":"21170070","Type":"market","Side":"sell","OrderTime":"2019-04-16T04:11:53","Price":18.95400000,"Amount":545.64000000},{"Time":"2019-04-16T04:14:30","Situation":"flat","Id":"21170074","Type":"market","Side":"buy","OrderTime":"2019-04-16T04:12:28","Price":18.96370000,"Amount":622.11000000},{"Time":"2019-04-16T04:19:30","Situation":"flat","Id":"21170130","Type":"market","Side":"buy","OrderTime":"2019-04-16T04:14:57","Price":18.99450000,"Amount":662.08000000},{"Time":"2019-04-16T04:19:30","Situation":"flat","Id":"21170146","Type":"market","Side":"buy","OrderTime":"2019-04-16T04:16:37","Price":18.99520000,"Amount":662.08000000},{"Time":"2019-04-16T04:19:30","Situation":"flat","Id":"21170154","Type":"market","Side":"buy","OrderTime":"2019-04-16T04:16:57","Price":18.99060000,"Amount":662.08000000},{"Time":"2019-04-16T04:19:30","Situation":"flat","Id":"21170157","Type":"market","Side":"buy","OrderTime":"2019-04-16T04:17:22","Price":18.99190000,"Amount":599.51000000},{"Time":"2019-04-16T04:19:30","Situation":"flat","Id":"21170181","Type":"market","Side":"buy","OrderTime":"2019-04-16T04:18:52","Price":19.01830000,"Amount":541.11000000},{"Time":"2019-04-16T04:24:32","Situation":"flat","Id":"21170219","Type":"market","Side":"buy","OrderTime":"2019-04-16T04:20:54","Price":19.01530000,"Amount":578.26000000},{"Time":"2019-04-16T04:24:32","Situation":"flat","Id":"21170235","Type":"market","Side":"sell","OrderTime":"2019-04-16T04:22:30","Price":19.00670000,"Amount":561.78000000},{"Time":"2019-04-16T04:34:36","Situation":"flat","Id":"21170455","Type":"market","Side":"sell","OrderTime":"2019-04-16T04:33:41","Price":18.95180000,"Amount":500.00000000},{"Time":"2019-04-16T04:34:36","Situation":"flat","Id":"21170464","Type":"market","Side":"buy","OrderTime":"2019-04-16T04:34:05","Price":18.94170000,"Amount":677.57000000},{"Time":"2019-04-16T04:39:38","Situation":"flat","Id":"21170476","Type":"market","Side":"sell","OrderTime":"2019-04-16T04:35:49","Price":18.96180000,"Amount":548.37000000},{"Time":"2019-04-16T04:39:38","Situation":"flat","Id":"21170500","Type":"market","Side":"buy","OrderTime":"2019-04-16T04:37:00","Price":18.93190000,"Amount":582.19000000},{"Time":"2019-04-16T04:39:38","Situation":"flat","Id":"21170541","Type":"market","Side":"sell","OrderTime":"2019-04-16T04:38:13","Price":18.90000000,"Amount":1037.89000000},{"Time":"2019-04-16T04:39:38","Situation":"flat","Id":"21170581","Type":"market","Side":"buy","OrderTime":"2019-04-16T04:38:52","Price":18.93300000,"Amount":611.98000000},{"Time":"2019-04-16T04:41:26","Situation":"trend","Id":"21170593","Type":"market","Side":"buy","OrderTime":"2019-04-16T04:39:40","Price":18.91000000,"Amount":1089.84000000},{"Time":"2019-04-16T04:41:26","Situation":"trend","Id":"21170597","Type":"market","Side":"sell","OrderTime":"2019-04-16T04:39:41","Price":18.91920000,"Amount":3788.79000000},{"Time":"2019-04-16T04:41:41","Situation":"trend","Id":"21170728","Type":"market","Side":"sell","OrderTime":"2019-04-16T04:41:30","Price":18.83000000,"Amount":512.42000000},{"Time":"2019-04-16T04:41:41","Situation":"trend","Id":"21170730","Type":"market","Side":"buy","OrderTime":"2019-04-16T04:41:30","Price":18.83000000,"Amount":852.65000000},{"Time":"2019-04-16T04:41:41","Situation":"trend","Id":"21170787","Type":"market","Side":"sell","OrderTime":"2019-04-16T04:41:35","Price":18.80000000,"Amount":4674.49000000},{"Time":"2019-04-16T04:41:41","Situation":"trend","Id":"21170814","Type":"market","Side":"buy","OrderTime":"2019-04-16T04:41:35","Price":18.80000000,"Amount":804.52000000},{"Time":"2019-04-16T04:41:41","Situation":"trend","Id":"21170859","Type":"market","Side":"sell","OrderTime":"2019-04-16T04:41:39","Price":18.78000000,"Amount":2475.82000000},{"Time":"2019-04-16T04:44:08","Situation":"trend","Id":"21171144","Type":"market","Side":"sell","OrderTime":"2019-04-16T04:43:22","Price":18.75480000,"Amount":500.00000000},{"Time":"2019-04-16T04:44:08","Situation":"trend","Id":"21171153","Type":"market","Side":"sell","OrderTime":"2019-04-16T04:43:27","Price":18.75480000,"Amount":500.00000000},{"Time":"2019-04-16T04:49:09","Situation":"flat","Id":"21171236","Type":"market","Side":"sell","OrderTime":"2019-04-16T04:44:24","Price":18.79330000,"Amount":513.70000000},{"Time":"2019-04-16T04:49:09","Situation":"flat","Id":"21171287","Type":"market","Side":"sell","OrderTime":"2019-04-16T04:45:06","Price":18.77060000,"Amount":748.25000000},{"Time":"2019-04-16T04:49:09","Situation":"flat","Id":"21171464","Type":"market","Side":"buy","OrderTime":"2019-04-16T04:47:58","Price":18.74360000,"Amount":509.06000000},{"Time":"2019-04-16T04:49:09","Situation":"flat","Id":"21171495","Type":"market","Side":"buy","OrderTime":"2019-04-16T04:48:54","Price":18.76000000,"Amount":727.74000000},{"Time":"2019-04-16T04:51:59","Situation":"trend","Id":"21171515","Type":"market","Side":"buy","OrderTime":"2019-04-16T04:49:47","Price":18.75440000,"Amount":738.99000000},{"Time":"2019-04-16T04:51:59","Situation":"trend","Id":"21171549","Type":"market","Side":"buy","OrderTime":"2019-04-16T04:51:17","Price":18.79000000,"Amount":749.22000000},{"Time":"2019-04-16T04:51:59","Situation":"trend","Id":"21171586","Type":"market","Side":"buy","OrderTime":"2019-04-16T04:51:34","Price":18.82260000,"Amount":549.26000000},{"Time":"2019-04-16T04:51:59","Situation":"trend","Id":"21171604","Type":"market","Side":"buy","OrderTime":"2019-04-16T04:51:47","Price":18.82130000,"Amount":533.65000000},{"Time":"2019-04-16T05:02:05","Situation":"flat","Id":"21171902","Type":"market","Side":"buy","OrderTime":"2019-04-16T04:59:36","Price":18.93830000,"Amount":910.63000000},{"Time":"2019-04-16T05:02:05","Situation":"flat","Id":"21171978","Type":"market","Side":"buy","OrderTime":"2019-04-16T05:00:37","Price":18.96800000,"Amount":672.22000000},{"Time":"2019-04-16T05:02:05","Situation":"flat","Id":"21171980","Type":"market","Side":"buy","OrderTime":"2019-04-16T05:00:52","Price":18.96480000,"Amount":518.76000000},{"Time":"2019-04-16T05:02:05","Situation":"flat","Id":"21172007","Type":"market","Side":"sell","OrderTime":"2019-04-16T05:01:38","Price":18.95430000,"Amount":796.86000000},{"Time":"2019-04-16T05:07:09","Situation":"flat","Id":"21172022","Type":"market","Side":"buy","OrderTime":"2019-04-16T05:02:29","Price":18.94280000,"Amount":862.08000000},{"Time":"2019-04-16T05:12:10","Situation":"flat","Id":"21172103","Type":"market","Side":"buy","OrderTime":"2019-04-16T05:08:06","Price":18.90210000,"Amount":502.38000000},{"Time":"2019-04-16T05:12:10","Situation":"flat","Id":"21172131","Type":"market","Side":"buy","OrderTime":"2019-04-16T05:09:53","Price":18.89440000,"Amount":552.05000000},{"Time":"2019-04-16T05:12:10","Situation":"flat","Id":"21172173","Type":"market","Side":"buy","OrderTime":"2019-04-16T05:11:55","Price":18.88960000,"Amount":752.58000000},{"Time":"2019-04-16T05:17:10","Situation":"flat","Id":"21172212","Type":"market","Side":"buy","OrderTime":"2019-04-16T05:15:06","Price":18.89750000,"Amount":639.35000000},{"Time":"2019-04-16T05:17:10","Situation":"flat","Id":"21172249","Type":"market","Side":"buy","OrderTime":"2019-04-16T05:16:37","Price":18.88960000,"Amount":769.93000000},{"Time":"2019-04-16T05:17:10","Situation":"flat","Id":"21172253","Type":"market","Side":"sell","OrderTime":"2019-04-16T05:16:57","Price":18.88940000,"Amount":524.74000000},{"Time":"2019-04-16T05:17:10","Situation":"flat","Id":"21172255","Type":"market","Side":"sell","OrderTime":"2019-04-16T05:17:10","Price":18.89200000,"Amount":812.38000000},{"Time":"2019-04-16T05:22:10","Situation":"flat","Id":"21172288","Type":"market","Side":"buy","OrderTime":"2019-04-16T05:18:37","Price":18.87190000,"Amount":649.19000000},{"Time":"2019-04-16T05:22:10","Situation":"flat","Id":"21172296","Type":"market","Side":"buy","OrderTime":"2019-04-16T05:19:23","Price":18.87200000,"Amount":513.39000000},{"Time":"2019-04-16T05:22:10","Situation":"flat","Id":"21172325","Type":"market","Side":"buy","OrderTime":"2019-04-16T05:21:52","Price":18.87000000,"Amount":595.89000000},{"Time":"2019-04-16T05:27:10","Situation":"flat","Id":"21172362","Type":"market","Side":"buy","OrderTime":"2019-04-16T05:24:22","Price":18.86090000,"Amount":657.13000000},{"Time":"2019-04-16T05:32:10","Situation":"flat","Id":"21172560","Type":"market","Side":"sell","OrderTime":"2019-04-16T05:30:32","Price":18.90080000,"Amount":576.48000000},{"Time":"2019-04-16T05:32:10","Situation":"flat","Id":"21172561","Type":"market","Side":"sell","OrderTime":"2019-04-16T05:30:36","Price":18.90000000,"Amount":529.10000000},{"Time":"2019-04-16T05:42:11","Situation":"flat","Id":"21172667","Type":"market","Side":"buy","OrderTime":"2019-04-16T05:37:47","Price":18.89360000,"Amount":582.99000000},{"Time":"2019-04-16T05:42:11","Situation":"flat","Id":"21172722","Type":"market","Side":"sell","OrderTime":"2019-04-16T05:39:42","Price":18.87760000,"Amount":683.76000000},{"Time":"2019-04-16T05:47:14","Situation":"flat","Id":"21172799","Type":"market","Side":"buy","OrderTime":"2019-04-16T05:46:12","Price":18.89480000,"Amount":567.43000000},{"Time":"2019-04-16T05:52:15","Situation":"flat","Id":"21172806","Type":"market","Side":"buy","OrderTime":"2019-04-16T05:47:28","Price":18.89570000,"Amount":605.18000000},{"Time":"2019-04-16T05:52:15","Situation":"flat","Id":"21172890","Type":"market","Side":"sell","OrderTime":"2019-04-16T05:51:33","Price":18.87410000,"Amount":799.98000000},{"Time":"2019-04-16T05:57:16","Situation":"flat","Id":"21172924","Type":"market","Side":"buy","OrderTime":"2019-04-16T05:53:54","Price":18.87570000,"Amount":997.62000000},{"Time":"2019-04-16T05:57:16","Situation":"flat","Id":"21172935","Type":"market","Side":"sell","OrderTime":"2019-04-16T05:54:50","Price":18.85170000,"Amount":574.57000000},{"Time":"2019-04-16T05:57:16","Situation":"flat","Id":"21172977","Type":"market","Side":"sell","OrderTime":"2019-04-16T05:56:51","Price":18.83540000,"Amount":836.99000000},{"Time":"2019-04-16T06:02:16","Situation":"flat","Id":"21173001","Type":"market","Side":"sell","OrderTime":"2019-04-16T05:58:06","Price":18.81940000,"Amount":861.74000000},{"Time":"2019-04-16T06:02:16","Situation":"flat","Id":"21173011","Type":"market","Side":"sell","OrderTime":"2019-04-16T05:58:41","Price":18.81370000,"Amount":1007.15000000},{"Time":"2019-04-16T06:02:16","Situation":"flat","Id":"21173034","Type":"market","Side":"sell","OrderTime":"2019-04-16T05:59:26","Price":18.80090000,"Amount":857.96000000},{"Time":"2019-04-16T06:02:16","Situation":"flat","Id":"21173063","Type":"market","Side":"buy","OrderTime":"2019-04-16T06:00:18","Price":18.82150000,"Amount":531.73000000},{"Time":"2019-04-16T06:02:16","Situation":"flat","Id":"21173075","Type":"market","Side":"buy","OrderTime":"2019-04-16T06:00:38","Price":18.82620000,"Amount":524.97000000},{"Time":"2019-04-16T06:07:20","Situation":"flat","Id":"21173125","Type":"market","Side":"buy","OrderTime":"2019-04-16T06:03:33","Price":18.81460000,"Amount":552.00000000},{"Time":"2019-04-16T06:12:20","Situation":"flat","Id":"21173210","Type":"market","Side":"sell","OrderTime":"2019-04-16T06:09:58","Price":18.82160000,"Amount":510.08000000},{"Time":"2019-04-16T06:17:21","Situation":"flat","Id":"21173268","Type":"market","Side":"sell","OrderTime":"2019-04-16T06:14:06","Price":18.82890000,"Amount":511.24000000},{"Time":"2019-04-16T06:22:21","Situation":"flat","Id":"21173362","Type":"market","Side":"buy","OrderTime":"2019-04-16T06:20:01","Price":18.84320000,"Amount":551.63000000},{"Time":"2019-04-16T06:22:21","Situation":"flat","Id":"21173373","Type":"market","Side":"buy","OrderTime":"2019-04-16T06:20:15","Price":18.83510000,"Amount":800.11000000},{"Time":"2019-04-16T06:22:21","Situation":"flat","Id":"21173375","Type":"market","Side":"buy","OrderTime":"2019-04-16T06:21:07","Price":18.83360000,"Amount":758.03000000},{"Time":"2019-04-16T06:27:25","Situation":"flat","Id":"21173407","Type":"market","Side":"buy","OrderTime":"2019-04-16T06:23:44","Price":18.84210000,"Amount":582.50000000},{"Time":"2019-04-16T06:32:26","Situation":"flat","Id":"21173459","Type":"market","Side":"sell","OrderTime":"2019-04-16T06:29:33","Price":18.84530000,"Amount":561.23000000},{"Time":"2019-04-16T06:37:28","Situation":"flat","Id":"21173533","Type":"market","Side":"buy","OrderTime":"2019-04-16T06:34:48","Price":18.86770000,"Amount":637.11000000},{"Time":"2019-04-16T06:37:28","Situation":"flat","Id":"21173559","Type":"market","Side":"sell","OrderTime":"2019-04-16T06:36:32","Price":18.88070000,"Amount":688.81000000},{"Time":"2019-04-16T06:42:30","Situation":"flat","Id":"21173587","Type":"market","Side":"buy","OrderTime":"2019-04-16T06:38:07","Price":18.87270000,"Amount":562.31000000},{"Time":"2019-04-16T06:42:30","Situation":"flat","Id":"21173640","Type":"market","Side":"buy","OrderTime":"2019-04-16T06:40:50","Price":18.89060000,"Amount":829.63000000},{"Time":"2019-04-16T06:47:30","Situation":"flat","Id":"21173707","Type":"market","Side":"buy","OrderTime":"2019-04-16T06:44:23","Price":18.89100000,"Amount":604.53000000},{"Time":"2019-04-16T06:47:30","Situation":"flat","Id":"21173711","Type":"market","Side":"sell","OrderTime":"2019-04-16T06:44:39","Price":18.89150000,"Amount":540.87000000},{"Time":"2019-04-16T06:57:32","Situation":"flat","Id":"21173827","Type":"market","Side":"buy","OrderTime":"2019-04-16T06:52:56","Price":18.88510000,"Amount":768.93000000},{"Time":"2019-04-16T06:57:32","Situation":"flat","Id":"21173845","Type":"market","Side":"buy","OrderTime":"2019-04-16T06:54:17","Price":18.87860000,"Amount":525.82000000},{"Time":"2019-04-16T06:57:32","Situation":"flat","Id":"21173848","Type":"market","Side":"buy","OrderTime":"2019-04-16T06:54:45","Price":18.87980000,"Amount":829.64000000},{"Time":"2019-04-16T06:57:32","Situation":"flat","Id":"21173860","Type":"market","Side":"buy","OrderTime":"2019-04-16T06:55:53","Price":18.88240000,"Amount":912.47000000},{"Time":"2019-04-16T07:02:35","Situation":"flat","Id":"21173874","Type":"market","Side":"buy","OrderTime":"2019-04-16T06:57:43","Price":18.90000000,"Amount":677.58000000},{"Time":"2019-04-16T07:02:35","Situation":"flat","Id":"21173885","Type":"market","Side":"buy","OrderTime":"2019-04-16T07:00:04","Price":18.89010000,"Amount":640.40000000},{"Time":"2019-04-16T07:02:35","Situation":"flat","Id":"21173916","Type":"market","Side":"buy","OrderTime":"2019-04-16T07:00:58","Price":18.90610000,"Amount":612.14000000},{"Time":"2019-04-16T07:02:35","Situation":"flat","Id":"21173920","Type":"market","Side":"buy","OrderTime":"2019-04-16T07:01:09","Price":18.90540000,"Amount":846.71000000},{"Time":"2019-04-16T07:02:35","Situation":"flat","Id":"21173940","Type":"market","Side":"buy","OrderTime":"2019-04-16T07:02:06","Price":18.90550000,"Amount":541.20000000},{"Time":"2019-04-16T07:02:35","Situation":"flat","Id":"21173946","Type":"market","Side":"sell","OrderTime":"2019-04-16T07:02:30","Price":18.90940000,"Amount":517.21000000},{"Time":"2019-04-16T07:07:36","Situation":"flat","Id":"21173953","Type":"market","Side":"sell","OrderTime":"2019-04-16T07:03:09","Price":18.91510000,"Amount":580.37000000},{"Time":"2019-04-16T07:07:36","Situation":"flat","Id":"21173973","Type":"market","Side":"buy","OrderTime":"2019-04-16T07:03:39","Price":18.92510000,"Amount":511.61000000},{"Time":"2019-04-16T07:12:40","Situation":"flat","Id":"21174111","Type":"market","Side":"buy","OrderTime":"2019-04-16T07:10:36","Price":18.93780000,"Amount":832.39000000},{"Time":"2019-04-16T07:14:20","Situation":"trend","Id":"21174207","Type":"market","Side":"buy","OrderTime":"2019-04-16T07:13:38","Price":18.99950000,"Amount":610.50000000},{"Time":"2019-04-16T07:24:22","Situation":"flat","Id":"21174401","Type":"market","Side":"buy","OrderTime":"2019-04-16T07:19:59","Price":19.00210000,"Amount":565.64000000},{"Time":"2019-04-16T07:24:22","Situation":"flat","Id":"21174404","Type":"market","Side":"buy","OrderTime":"2019-04-16T07:20:15","Price":19.00380000,"Amount":583.66000000},{"Time":"2019-04-16T07:39:29","Situation":"flat","Id":"21174697","Type":"market","Side":"sell","OrderTime":"2019-04-16T07:34:44","Price":19.01240000,"Amount":591.34000000},{"Time":"2019-04-16T07:39:29","Situation":"flat","Id":"21174730","Type":"market","Side":"buy","OrderTime":"2019-04-16T07:37:00","Price":19.01590000,"Amount":673.11000000},{"Time":"2019-04-16T07:39:29","Situation":"flat","Id":"21174738","Type":"market","Side":"buy","OrderTime":"2019-04-16T07:37:29","Price":19.01750000,"Amount":804.46000000},{"Time":"2019-04-16T07:39:29","Situation":"flat","Id":"21174746","Type":"market","Side":"buy","OrderTime":"2019-04-16T07:37:44","Price":19.02160000,"Amount":501.62000000},{"Time":"2019-04-16T07:39:29","Situation":"flat","Id":"21174751","Type":"market","Side":"buy","OrderTime":"2019-04-16T07:38:24","Price":19.02360000,"Amount":673.31000000},{"Time":"2019-04-16T07:44:30","Situation":"flat","Id":"21174764","Type":"market","Side":"sell","OrderTime":"2019-04-16T07:39:59","Price":19.01270000,"Amount":924.43000000},{"Time":"2019-04-16T07:44:30","Situation":"flat","Id":"21174811","Type":"market","Side":"buy","OrderTime":"2019-04-16T07:43:06","Price":19.02250000,"Amount":658.13000000},{"Time":"2019-04-16T07:44:30","Situation":"flat","Id":"21174829","Type":"market","Side":"buy","OrderTime":"2019-04-16T07:43:39","Price":19.04130000,"Amount":690.94000000},{"Time":"2019-04-16T07:49:31","Situation":"flat","Id":"21174860","Type":"market","Side":"buy","OrderTime":"2019-04-16T07:45:11","Price":19.05150000,"Amount":881.10000000},{"Time":"2019-04-16T07:49:31","Situation":"flat","Id":"21174870","Type":"market","Side":"sell","OrderTime":"2019-04-16T07:45:36","Price":19.04180000,"Amount":500.00000000},{"Time":"2019-04-16T07:49:31","Situation":"flat","Id":"21174890","Type":"market","Side":"buy","OrderTime":"2019-04-16T07:46:04","Price":19.04700000,"Amount":680.33000000},{"Time":"2019-04-16T07:49:31","Situation":"flat","Id":"21174901","Type":"market","Side":"buy","OrderTime":"2019-04-16T07:46:16","Price":19.05910000,"Amount":811.60000000},{"Time":"2019-04-16T07:49:31","Situation":"flat","Id":"21174929","Type":"market","Side":"buy","OrderTime":"2019-04-16T07:48:08","Price":19.05900000,"Amount":510.55000000},{"Time":"2019-04-16T07:49:31","Situation":"flat","Id":"21174946","Type":"market","Side":"buy","OrderTime":"2019-04-16T07:48:28","Price":19.05920000,"Amount":855.60000000},{"Time":"2019-04-16T07:54:33","Situation":"flat","Id":"21175056","Type":"market","Side":"sell","OrderTime":"2019-04-16T07:50:34","Price":19.09000000,"Amount":973.02000000},{"Time":"2019-04-16T07:54:33","Situation":"flat","Id":"21175102","Type":"market","Side":"buy","OrderTime":"2019-04-16T07:52:14","Price":19.09850000,"Amount":702.76000000},{"Time":"2019-04-16T07:54:33","Situation":"flat","Id":"21175182","Type":"market","Side":"buy","OrderTime":"2019-04-16T07:54:30","Price":19.10160000,"Amount":532.11000000},{"Time":"2019-04-16T08:04:36","Situation":"flat","Id":"21175299","Type":"market","Side":"buy","OrderTime":"2019-04-16T08:01:01","Price":19.09640000,"Amount":536.93000000},{"Time":"2019-04-16T08:04:36","Situation":"flat","Id":"21175332","Type":"market","Side":"sell","OrderTime":"2019-04-16T08:02:38","Price":19.10040000,"Amount":654.35000000},{"Time":"2019-04-16T08:04:36","Situation":"flat","Id":"21175351","Type":"market","Side":"buy","OrderTime":"2019-04-16T08:04:00","Price":19.09960000,"Amount":878.58000000},{"Time":"2019-04-16T08:09:40","Situation":"flat","Id":"21175408","Type":"market","Side":"buy","OrderTime":"2019-04-16T08:06:04","Price":19.10450000,"Amount":893.50000000},{"Time":"2019-04-16T08:09:40","Situation":"flat","Id":"21175419","Type":"market","Side":"buy","OrderTime":"2019-04-16T08:06:48","Price":19.10460000,"Amount":527.08000000},{"Time":"2019-04-16T08:09:40","Situation":"flat","Id":"21175452","Type":"market","Side":"buy","OrderTime":"2019-04-16T08:09:17","Price":19.10310000,"Amount":543.04000000},{"Time":"2019-04-16T08:14:43","Situation":"flat","Id":"21175495","Type":"market","Side":"buy","OrderTime":"2019-04-16T08:10:38","Price":19.11060000,"Amount":563.30000000},{"Time":"2019-04-16T08:14:43","Situation":"flat","Id":"21175512","Type":"market","Side":"sell","OrderTime":"2019-04-16T08:12:22","Price":19.11270000,"Amount":1062.72000000},{"Time":"2019-04-16T08:14:43","Situation":"flat","Id":"21175549","Type":"market","Side":"sell","OrderTime":"2019-04-16T08:14:00","Price":19.11490000,"Amount":501.90000000},{"Time":"2019-04-16T08:19:47","Situation":"flat","Id":"21175565","Type":"market","Side":"buy","OrderTime":"2019-04-16T08:15:16","Price":19.12500000,"Amount":899.51000000},{"Time":"2019-04-16T08:19:47","Situation":"flat","Id":"21175579","Type":"market","Side":"buy","OrderTime":"2019-04-16T08:16:18","Price":19.12610000,"Amount":551.53000000},{"Time":"2019-04-16T08:19:47","Situation":"flat","Id":"21175588","Type":"market","Side":"buy","OrderTime":"2019-04-16T08:17:02","Price":19.12490000,"Amount":508.60000000},{"Time":"2019-04-16T08:19:47","Situation":"flat","Id":"21175589","Type":"market","Side":"buy","OrderTime":"2019-04-16T08:17:22","Price":19.12470000,"Amount":513.00000000},{"Time":"2019-04-16T08:19:47","Situation":"flat","Id":"21175593","Type":"market","Side":"buy","OrderTime":"2019-04-16T08:17:40","Price":19.12450000,"Amount":504.35000000},{"Time":"2019-04-16T08:19:47","Situation":"flat","Id":"21175635","Type":"market","Side":"buy","OrderTime":"2019-04-16T08:19:35","Price":19.13130000,"Amount":869.83000000},{"Time":"2019-04-16T08:24:49","Situation":"flat","Id":"21175651","Type":"market","Side":"buy","OrderTime":"2019-04-16T08:20:33","Price":19.13640000,"Amount":632.46000000},{"Time":"2019-04-16T08:24:49","Situation":"flat","Id":"21175660","Type":"market","Side":"sell","OrderTime":"2019-04-16T08:20:57","Price":19.13510000,"Amount":840.36000000},{"Time":"2019-04-16T08:24:49","Situation":"flat","Id":"21175668","Type":"market","Side":"sell","OrderTime":"2019-04-16T08:21:39","Price":19.13590000,"Amount":902.59000000},{"Time":"2019-04-16T08:24:49","Situation":"flat","Id":"21175694","Type":"market","Side":"sell","OrderTime":"2019-04-16T08:22:45","Price":19.14180000,"Amount":524.86000000},{"Time":"2019-04-16T08:24:49","Situation":"flat","Id":"21175727","Type":"market","Side":"sell","OrderTime":"2019-04-16T08:24:35","Price":19.14340000,"Amount":748.82000000},{"Time":"2019-04-16T08:29:52","Situation":"flat","Id":"21175794","Type":"market","Side":"buy","OrderTime":"2019-04-16T08:26:06","Price":19.12400000,"Amount":927.65000000},{"Time":"2019-04-16T08:29:52","Situation":"flat","Id":"21175819","Type":"market","Side":"buy","OrderTime":"2019-04-16T08:27:20","Price":19.11510000,"Amount":716.67000000},{"Time":"2019-04-16T08:29:52","Situation":"flat","Id":"21175825","Type":"market","Side":"buy","OrderTime":"2019-04-16T08:27:53","Price":19.11710000,"Amount":738.38000000},{"Time":"2019-04-16T08:29:52","Situation":"flat","Id":"21175848","Type":"market","Side":"sell","OrderTime":"2019-04-16T08:29:43","Price":19.10310000,"Amount":884.39000000},{"Time":"2019-04-16T08:32:56","Situation":"trend","Id":"21175938","Type":"market","Side":"buy","OrderTime":"2019-04-16T08:31:47","Price":19.16000000,"Amount":977.86000000},{"Time":"2019-04-16T08:32:56","Situation":"trend","Id":"21176057","Type":"market","Side":"buy","OrderTime":"2019-04-16T08:32:48","Price":19.20000000,"Amount":727.13000000},{"Time":"2019-04-16T08:32:56","Situation":"trend","Id":"21176058","Type":"market","Side":"buy","OrderTime":"2019-04-16T08:32:48","Price":19.20000000,"Amount":636.45000000},{"Time":"2019-04-16T08:32:56","Situation":"trend","Id":"21176063","Type":"market","Side":"buy","OrderTime":"2019-04-16T08:32:54","Price":19.20000000,"Amount":1327.86000000},{"Time":"2019-04-16T08:35:24","Situation":"trend","Id":"21176400","Type":"market","Side":"buy","OrderTime":"2019-04-16T08:35:24","Price":19.30000000,"Amount":662.91000000},{"Time":"2019-04-16T08:36:50","Situation":"trend","Id":"21176633","Type":"market","Side":"buy","OrderTime":"2019-04-16T08:36:43","Price":19.40000000,"Amount":863.22000000},{"Time":"2019-04-16T08:36:50","Situation":"trend","Id":"21176642","Type":"market","Side":"buy","OrderTime":"2019-04-16T08:36:43","Price":19.40960000,"Amount":662.00000000},{"Time":"2019-04-16T08:36:50","Situation":"trend","Id":"21176658","Type":"market","Side":"buy","OrderTime":"2019-04-16T08:36:43","Price":19.42000000,"Amount":564.11000000},{"Time":"2019-04-16T08:36:50","Situation":"trend","Id":"21176733","Type":"market","Side":"buy","OrderTime":"2019-04-16T08:36:43","Price":19.48000000,"Amount":529.71000000},{"Time":"2019-04-16T08:36:50","Situation":"trend","Id":"21176754","Type":"market","Side":"buy","OrderTime":"2019-04-16T08:36:43","Price":19.50000000,"Amount":2784.51000000},{"Time":"2019-04-16T08:36:50","Situation":"trend","Id":"21176762","Type":"market","Side":"buy","OrderTime":"2019-04-16T08:36:43","Price":19.50280000,"Amount":845.00000000},{"Time":"2019-04-16T08:36:50","Situation":"trend","Id":"21176798","Type":"market","Side":"buy","OrderTime":"2019-04-16T08:36:43","Price":19.53470000,"Amount":1490.00000000},{"Time":"2019-04-16T08:36:50","Situation":"trend","Id":"21176807","Type":"market","Side":"buy","OrderTime":"2019-04-16T08:36:43","Price":19.54120000,"Amount":632.19000000},{"Time":"2019-04-16T08:36:50","Situation":"trend","Id":"21176847","Type":"market","Side":"sell","OrderTime":"2019-04-16T08:36:43","Price":19.57000000,"Amount":1999.48000000},{"Time":"2019-04-16T08:38:45","Situation":"trend","Id":"21177127","Type":"market","Side":"buy","OrderTime":"2019-04-16T08:38:01","Price":19.48000000,"Amount":502.32000000},{"Time":"2019-04-16T08:38:45","Situation":"trend","Id":"21177219","Type":"market","Side":"buy","OrderTime":"2019-04-16T08:38:43","Price":19.50000000,"Amount":692.91000000},{"Time":"2019-04-16T08:40:23","Situation":"trend","Id":"21177282","Type":"market","Side":"buy","OrderTime":"2019-04-16T08:39:10","Price":19.50000000,"Amount":911.19000000},{"Time":"2019-04-16T08:40:23","Situation":"trend","Id":"21177397","Type":"market","Side":"sell","OrderTime":"2019-04-16T08:39:22","Price":19.41730000,"Amount":572.24000000},{"Time":"2019-04-16T08:44:26","Situation":"trend","Id":"21177572","Type":"market","Side":"buy","OrderTime":"2019-04-16T08:40:49","Price":19.38320000,"Amount":516.11000000},{"Time":"2019-04-16T08:44:26","Situation":"trend","Id":"21177845","Type":"market","Side":"buy","OrderTime":"2019-04-16T08:44:05","Price":19.37000000,"Amount":844.26000000},{"Time":"2019-04-16T08:47:24","Situation":"trend","Id":"21178107","Type":"market","Side":"buy","OrderTime":"2019-04-16T08:46:10","Price":19.50000000,"Amount":567.29000000},{"Time":"2019-04-16T08:47:24","Situation":"trend","Id":"21178109","Type":"market","Side":"sell","OrderTime":"2019-04-16T08:46:10","Price":19.50100000,"Amount":810.96000000},{"Time":"2019-04-16T08:47:24","Situation":"trend","Id":"21178204","Type":"market","Side":"sell","OrderTime":"2019-04-16T08:46:30","Price":19.53240000,"Amount":1160.02000000},{"Time":"2019-04-16T08:47:24","Situation":"trend","Id":"21178306","Type":"market","Side":"buy","OrderTime":"2019-04-16T08:47:23","Price":19.53000000,"Amount":560.78000000},{"Time":"2019-04-16T08:51:19","Situation":"trend","Id":"21178542","Type":"market","Side":"sell","OrderTime":"2019-04-16T08:49:02","Price":19.53540000,"Amount":1172.95000000},{"Time":"2019-04-16T08:51:19","Situation":"trend","Id":"21178593","Type":"market","Side":"sell","OrderTime":"2019-04-16T08:49:19","Price":19.52310000,"Amount":631.52000000},{"Time":"2019-04-16T08:51:19","Situation":"trend","Id":"21178758","Type":"market","Side":"sell","OrderTime":"2019-04-16T08:50:31","Price":19.49000000,"Amount":647.89000000},{"Time":"2019-04-16T08:53:06","Situation":"trend","Id":"21178918","Type":"market","Side":"sell","OrderTime":"2019-04-16T08:52:45","Price":19.45000000,"Amount":823.59000000},{"Time":"2019-04-16T08:58:05","Situation":"trend","Id":"21179128","Type":"market","Side":"buy","OrderTime":"2019-04-16T08:55:43","Price":19.44000000,"Amount":1014.84000000},{"Time":"2019-04-16T08:58:05","Situation":"trend","Id":"21179272","Type":"market","Side":"buy","OrderTime":"2019-04-16T08:58:04","Price":19.40000000,"Amount":531.18000000},{"Time":"2019-04-16T09:00:16","Situation":"trend","Id":"21179393","Type":"market","Side":"buy","OrderTime":"2019-04-16T08:59:02","Price":19.40000000,"Amount":507.37000000},{"Time":"2019-04-16T09:00:16","Situation":"trend","Id":"21179410","Type":"market","Side":"buy","OrderTime":"2019-04-16T08:59:50","Price":19.40000000,"Amount":614.64000000},{"Time":"2019-04-16T09:02:30","Situation":"trend","Id":"21179501","Type":"market","Side":"buy","OrderTime":"2019-04-16T09:00:34","Price":19.50000000,"Amount":1274.88000000},{"Time":"2019-04-16T09:02:30","Situation":"trend","Id":"21179553","Type":"market","Side":"sell","OrderTime":"2019-04-16T09:00:57","Price":19.51720000,"Amount":897.44000000},{"Time":"2019-04-16T09:02:30","Situation":"trend","Id":"21179576","Type":"market","Side":"buy","OrderTime":"2019-04-16T09:00:58","Price":19.55000000,"Amount":553.71000000},{"Time":"2019-04-16T09:02:30","Situation":"trend","Id":"21179580","Type":"market","Side":"sell","OrderTime":"2019-04-16T09:00:58","Price":19.55000000,"Amount":811.88000000},{"Time":"2019-04-16T09:02:30","Situation":"trend","Id":"21179652","Type":"market","Side":"sell","OrderTime":"2019-04-16T09:01:39","Price":19.55000000,"Amount":640.65000000},{"Time":"2019-04-16T09:02:30","Situation":"trend","Id":"21179778","Type":"market","Side":"buy","OrderTime":"2019-04-16T09:02:21","Price":19.58000000,"Amount":549.61000000},{"Time":"2019-04-16T09:07:10","Situation":"trend","Id":"21179932","Type":"market","Side":"buy","OrderTime":"2019-04-16T09:02:44","Price":19.60000000,"Amount":1492.71000000},{"Time":"2019-04-16T09:07:10","Situation":"trend","Id":"21180098","Type":"market","Side":"buy","OrderTime":"2019-04-16T09:03:29","Price":19.60000000,"Amount":500.00000000},{"Time":"2019-04-16T09:07:10","Situation":"trend","Id":"21180099","Type":"market","Side":"buy","OrderTime":"2019-04-16T09:03:31","Price":19.60000000,"Amount":556.52000000},{"Time":"2019-04-16T09:07:10","Situation":"trend","Id":"21180101","Type":"market","Side":"sell","OrderTime":"2019-04-16T09:03:31","Price":19.60000000,"Amount":591.72000000},{"Time":"2019-04-16T09:07:10","Situation":"trend","Id":"21180136","Type":"market","Side":"buy","OrderTime":"2019-04-16T09:03:49","Price":19.62000000,"Amount":624.20000000},{"Time":"2019-04-16T09:07:10","Situation":"trend","Id":"21180432","Type":"market","Side":"sell","OrderTime":"2019-04-16T09:05:35","Price":19.60000000,"Amount":924.23000000},{"Time":"2019-04-16T09:12:11","Situation":"flat","Id":"21180670","Type":"market","Side":"sell","OrderTime":"2019-04-16T09:09:06","Price":19.53020000,"Amount":1532.55000000},{"Time":"2019-04-16T09:12:11","Situation":"flat","Id":"21180753","Type":"market","Side":"sell","OrderTime":"2019-04-16T09:11:10","Price":19.56940000,"Amount":603.14000000},{"Time":"2019-04-16T09:14:10","Situation":"trend","Id":"21180821","Type":"market","Side":"sell","OrderTime":"2019-04-16T09:12:50","Price":19.53000000,"Amount":625.28000000},{"Time":"2019-04-16T09:14:10","Situation":"trend","Id":"21180828","Type":"market","Side":"sell","OrderTime":"2019-04-16T09:12:57","Price":19.53000000,"Amount":663.97000000},{"Time":"2019-04-16T09:23:50","Situation":"trend","Id":"21181355","Type":"market","Side":"buy","OrderTime":"2019-04-16T09:20:19","Price":19.55060000,"Amount":4090.07000000},{"Time":"2019-04-16T09:23:50","Situation":"trend","Id":"21181435","Type":"market","Side":"buy","OrderTime":"2019-04-16T09:21:41","Price":19.55070000,"Amount":1362.95000000},{"Time":"2019-04-16T09:23:50","Situation":"trend","Id":"21181440","Type":"market","Side":"buy","OrderTime":"2019-04-16T09:21:41","Price":19.55490000,"Amount":3949.24000000},{"Time":"2019-04-16T09:23:50","Situation":"trend","Id":"21181467","Type":"market","Side":"buy","OrderTime":"2019-04-16T09:22:21","Price":19.55490000,"Amount":583.57000000},{"Time":"2019-04-16T09:27:14","Situation":"trend","Id":"21181672","Type":"market","Side":"buy","OrderTime":"2019-04-16T09:24:15","Price":19.64500000,"Amount":624.17000000},{"Time":"2019-04-16T09:27:14","Situation":"trend","Id":"21181733","Type":"market","Side":"buy","OrderTime":"2019-04-16T09:25:27","Price":19.65000000,"Amount":2156.92000000},{"Time":"2019-04-16T09:27:14","Situation":"trend","Id":"21181737","Type":"market","Side":"buy","OrderTime":"2019-04-16T09:25:27","Price":19.65250000,"Amount":1239.90000000},{"Time":"2019-04-16T09:27:14","Situation":"trend","Id":"21181749","Type":"market","Side":"buy","OrderTime":"2019-04-16T09:25:38","Price":19.65250000,"Amount":1080.00000000},{"Time":"2019-04-16T09:27:14","Situation":"trend","Id":"21181757","Type":"market","Side":"buy","OrderTime":"2019-04-16T09:25:44","Price":19.65250000,"Amount":623.12000000},{"Time":"2019-04-16T09:27:14","Situation":"trend","Id":"21181771","Type":"market","Side":"buy","OrderTime":"2019-04-16T09:25:59","Price":19.65250000,"Amount":879.33000000},{"Time":"2019-04-16T09:27:14","Situation":"trend","Id":"21181778","Type":"market","Side":"buy","OrderTime":"2019-04-16T09:26:08","Price":19.65250000,"Amount":1718.82000000},{"Time":"2019-04-16T09:27:14","Situation":"trend","Id":"21181806","Type":"market","Side":"buy","OrderTime":"2019-04-16T09:26:29","Price":19.65240000,"Amount":596.57000000},{"Time":"2019-04-16T09:32:18","Situation":"flat","Id":"21182041","Type":"market","Side":"buy","OrderTime":"2019-04-16T09:29:03","Price":19.49230000,"Amount":530.82000000},{"Time":"2019-04-16T09:32:18","Situation":"flat","Id":"21182106","Type":"market","Side":"buy","OrderTime":"2019-04-16T09:30:03","Price":19.45580000,"Amount":617.85000000},{"Time":"2019-04-16T09:36:38","Situation":"trend","Id":"21182290","Type":"market","Side":"sell","OrderTime":"2019-04-16T09:35:03","Price":19.40000000,"Amount":621.12000000},{"Time":"2019-04-16T09:36:38","Situation":"trend","Id":"21182291","Type":"market","Side":"buy","OrderTime":"2019-04-16T09:35:05","Price":19.41160000,"Amount":837.36000000},{"Time":"2019-04-16T09:36:38","Situation":"trend","Id":"21182313","Type":"market","Side":"buy","OrderTime":"2019-04-16T09:35:21","Price":19.41540000,"Amount":522.77000000},{"Time":"2019-04-16T09:41:40","Situation":"flat","Id":"21182438","Type":"market","Side":"sell","OrderTime":"2019-04-16T09:37:20","Price":19.54990000,"Amount":551.84000000},{"Time":"2019-04-16T09:41:40","Situation":"flat","Id":"21182516","Type":"market","Side":"sell","OrderTime":"2019-04-16T09:38:34","Price":19.49230000,"Amount":858.95000000},{"Time":"2019-04-16T09:41:40","Situation":"flat","Id":"21182529","Type":"market","Side":"sell","OrderTime":"2019-04-16T09:38:54","Price":19.48000000,"Amount":606.56000000},{"Time":"2019-04-16T09:41:40","Situation":"flat","Id":"21182574","Type":"market","Side":"buy","OrderTime":"2019-04-16T09:40:45","Price":19.48700000,"Amount":727.66000000},{"Time":"2019-04-16T09:41:40","Situation":"flat","Id":"21182578","Type":"market","Side":"buy","OrderTime":"2019-04-16T09:41:40","Price":19.49500000,"Amount":592.94000000},{"Time":"2019-04-16T09:42:10","Situation":"trend","Id":"21182606","Type":"market","Side":"buy","OrderTime":"2019-04-16T09:41:50","Price":19.54790000,"Amount":597.95000000},{"Time":"2019-04-16T09:47:11","Situation":"flat","Id":"21182673","Type":"market","Side":"buy","OrderTime":"2019-04-16T09:42:34","Price":19.55250000,"Amount":896.11000000},{"Time":"2019-04-16T09:47:11","Situation":"flat","Id":"21182805","Type":"market","Side":"buy","OrderTime":"2019-04-16T09:44:31","Price":19.55210000,"Amount":503.59000000},{"Time":"2019-04-16T09:47:11","Situation":"flat","Id":"21182839","Type":"market","Side":"buy","OrderTime":"2019-04-16T09:45:05","Price":19.56990000,"Amount":745.95000000},{"Time":"2019-04-16T09:47:11","Situation":"flat","Id":"21182858","Type":"market","Side":"buy","OrderTime":"2019-04-16T09:45:37","Price":19.56990000,"Amount":1022.08000000},{"Time":"2019-04-16T09:47:11","Situation":"flat","Id":"21182882","Type":"market","Side":"buy","OrderTime":"2019-04-16T09:46:00","Price":19.58980000,"Amount":2232.00000000},{"Time":"2019-04-16T09:47:11","Situation":"flat","Id":"21182887","Type":"market","Side":"buy","OrderTime":"2019-04-16T09:46:13","Price":19.58980000,"Amount":4494.00000000},{"Time":"2019-04-16T09:47:11","Situation":"flat","Id":"21182888","Type":"market","Side":"buy","OrderTime":"2019-04-16T09:46:16","Price":19.58980000,"Amount":1931.12000000},{"Time":"2019-04-16T09:47:11","Situation":"flat","Id":"21182898","Type":"market","Side":"buy","OrderTime":"2019-04-16T09:46:25","Price":19.58980000,"Amount":566.00000000},{"Time":"2019-04-16T09:47:11","Situation":"flat","Id":"21182907","Type":"market","Side":"buy","OrderTime":"2019-04-16T09:46:42","Price":19.58980000,"Amount":2458.49000000},{"Time":"2019-04-16T09:53:59","Situation":"trend","Id":"21183352","Type":"market","Side":"buy","OrderTime":"2019-04-16T09:53:32","Price":19.57050000,"Amount":616.32000000},{"Time":"2019-04-16T09:53:59","Situation":"trend","Id":"21183389","Type":"market","Side":"buy","OrderTime":"2019-04-16T09:53:56","Price":19.53800000,"Amount":638.24000000},{"Time":"2019-04-16T09:59:00","Situation":"flat","Id":"21183407","Type":"market","Side":"buy","OrderTime":"2019-04-16T09:54:27","Price":19.54430000,"Amount":597.61000000},{"Time":"2019-04-16T09:59:00","Situation":"flat","Id":"21183449","Type":"market","Side":"sell","OrderTime":"2019-04-16T09:55:55","Price":19.51630000,"Amount":528.55000000},{"Time":"2019-04-16T09:59:00","Situation":"flat","Id":"21183467","Type":"market","Side":"sell","OrderTime":"2019-04-16T09:56:24","Price":19.50010000,"Amount":6456.43000000},{"Time":"2019-04-16T09:59:00","Situation":"flat","Id":"21183468","Type":"market","Side":"sell","OrderTime":"2019-04-16T09:56:25","Price":19.50010000,"Amount":1342.35000000},{"Time":"2019-04-16T10:04:05","Situation":"flat","Id":"21183608","Type":"market","Side":"sell","OrderTime":"2019-04-16T10:02:42","Price":19.49150000,"Amount":630.10000000},{"Time":"2019-04-16T10:04:05","Situation":"flat","Id":"21183660","Type":"market","Side":"buy","OrderTime":"2019-04-16T10:04:01","Price":19.45300000,"Amount":706.12000000},{"Time":"2019-04-16T10:04:55","Situation":"trend","Id":"21183668","Type":"market","Side":"sell","OrderTime":"2019-04-16T10:04:22","Price":19.45000000,"Amount":521.58000000},{"Time":"2019-04-16T10:09:55","Situation":"flat","Id":"21183867","Type":"market","Side":"sell","OrderTime":"2019-04-16T10:08:09","Price":19.40630000,"Amount":521.10000000},{"Time":"2019-04-16T10:10:55","Situation":"trend","Id":"21184030","Type":"market","Side":"sell","OrderTime":"2019-04-16T10:10:41","Price":19.34960000,"Amount":1225.14000000},{"Time":"2019-04-16T10:14:00","Situation":"trend","Id":"21184194","Type":"market","Side":"buy","OrderTime":"2019-04-16T10:11:41","Price":19.29040000,"Amount":513.55000000},{"Time":"2019-04-16T10:14:00","Situation":"trend","Id":"21184243","Type":"market","Side":"sell","OrderTime":"2019-04-16T10:12:24","Price":19.28020000,"Amount":631.37000000},{"Time":"2019-04-16T10:14:00","Situation":"trend","Id":"21184448","Type":"market","Side":"sell","OrderTime":"2019-04-16T10:13:51","Price":19.32750000,"Amount":825.74000000},{"Time":"2019-04-16T10:19:05","Situation":"flat","Id":"21184521","Type":"market","Side":"buy","OrderTime":"2019-04-16T10:14:57","Price":19.38860000,"Amount":633.26000000},{"Time":"2019-04-16T10:38:09","Situation":"trend","Id":"21185230","Type":"market","Side":"buy","OrderTime":"2019-04-16T10:35:51","Price":19.37320000,"Amount":545.08000000},{"Time":"2019-04-16T11:32:55","Situation":"flat","Id":"21186746","Type":"market","Side":"sell","OrderTime":"2019-04-16T11:29:18","Price":19.30000000,"Amount":957.24000000},{"Time":"2019-04-16T11:32:55","Situation":"flat","Id":"21186796","Type":"market","Side":"sell","OrderTime":"2019-04-16T11:32:12","Price":19.30010000,"Amount":734.87000000},{"Time":"2019-04-16T11:32:55","Situation":"flat","Id":"21186797","Type":"market","Side":"sell","OrderTime":"2019-04-16T11:32:12","Price":19.30000000,"Amount":588.74000000},{"Time":"2019-04-16T11:32:55","Situation":"flat","Id":"21186800","Type":"market","Side":"sell","OrderTime":"2019-04-16T11:32:17","Price":19.30000000,"Amount":1029.22000000},{"Time":"2019-04-16T11:53:06","Situation":"flat","Id":"21187207","Type":"market","Side":"sell","OrderTime":"2019-04-16T11:52:27","Price":19.25000000,"Amount":1199.50000000},{"Time":"2019-04-16T12:07:02","Situation":"flat","Id":"21187683","Type":"market","Side":"sell","OrderTime":"2019-04-16T12:04:09","Price":19.35000000,"Amount":682.03000000},{"Time":"2019-04-16T12:07:02","Situation":"flat","Id":"21187684","Type":"market","Side":"sell","OrderTime":"2019-04-16T12:04:09","Price":19.35000000,"Amount":2486.58000000},{"Time":"2019-04-16T12:17:08","Situation":"flat","Id":"21187873","Type":"market","Side":"buy","OrderTime":"2019-04-16T12:12:28","Price":19.42000000,"Amount":544.72000000},{"Time":"2019-04-16T12:43:16","Situation":"flat","Id":"21188745","Type":"market","Side":"buy","OrderTime":"2019-04-16T12:38:45","Price":19.30000000,"Amount":1740.89000000},{"Time":"2019-04-16T12:43:16","Situation":"flat","Id":"21188778","Type":"market","Side":"buy","OrderTime":"2019-04-16T12:38:45","Price":19.37560000,"Amount":1490.00000000},{"Time":"2019-04-16T12:43:16","Situation":"flat","Id":"21188852","Type":"market","Side":"buy","OrderTime":"2019-04-16T12:38:45","Price":19.47800000,"Amount":745.00000000},{"Time":"2019-04-16T12:43:16","Situation":"flat","Id":"21188859","Type":"market","Side":"buy","OrderTime":"2019-04-16T12:38:45","Price":19.48400000,"Amount":629.40000000},{"Time":"2019-04-16T12:43:16","Situation":"flat","Id":"21188999","Type":"market","Side":"buy","OrderTime":"2019-04-16T12:39:09","Price":19.27480000,"Amount":680.96000000},{"Time":"2019-04-16T12:43:16","Situation":"flat","Id":"21189001","Type":"market","Side":"buy","OrderTime":"2019-04-16T12:39:09","Price":19.27480000,"Amount":542.19000000},{"Time":"2019-04-16T12:43:16","Situation":"flat","Id":"21189004","Type":"market","Side":"buy","OrderTime":"2019-04-16T12:39:09","Price":19.27480000,"Amount":749.98000000}],"TradeDelta":[{"TimeFrom":"2019-04-16T00:04:15","TimeTo":"2019-04-16T00:09:19","Situation":"flat","Value":-645.66000000},{"TimeFrom":"2019-04-16T00:09:19","TimeTo":"2019-04-16T00:10:05","Situation":"trend","Value":0.00000000},{"TimeFrom":"2019-04-16T00:10:05","TimeTo":"2019-04-16T00:12:41","Situation":"trend","Value":733.51000000},{"TimeFrom":"2019-04-16T00:12:41","TimeTo":"2019-04-16T00:17:43","Situation":"flat","Value":173.52000000},{"TimeFrom":"2019-04-16T00:17:43","TimeTo":"2019-04-16T00:21:31","Situation":"trend","Value":932.72000000},{"TimeFrom":"2019-04-16T00:21:31","TimeTo":"2019-04-16T00:26:35","Situation":"flat","Value":1314.47000000},{"TimeFrom":"2019-04-16T00:26:35","TimeTo":"2019-04-16T00:31:35","Situation":"flat","Value":-777.52000000},{"TimeFrom":"2019-04-16T00:31:35","TimeTo":"2019-04-16T00:31:50","Situation":"trend","Value":0.00000000},{"TimeFrom":"2019-04-16T00:31:50","TimeTo":"2019-04-16T00:36:53","Situation":"flat","Value":775.56000000},{"TimeFrom":"2019-04-16T00:36:53","TimeTo":"2019-04-16T00:41:55","Situation":"flat","Value":1359.32000000},{"TimeFrom":"2019-04-16T00:41:55","TimeTo":"2019-04-16T00:46:56","Situation":"flat","Value":-120.26000000},{"TimeFrom":"2019-04-16T00:46:56","TimeTo":"2019-04-16T00:48:54","Situation":"trend","Value":-30.24000000},{"TimeFrom":"2019-04-16T00:48:54","TimeTo":"2019-04-16T00:53:55","Situation":"flat","Value":0.00000000},{"TimeFrom":"2019-04-16T00:53:55","TimeTo":"2019-04-16T00:58:55","Situation":"flat","Value":1135.67000000},{"TimeFrom":"2019-04-16T00:58:55","TimeTo":"2019-04-16T01:03:57","Situation":"flat","Value":0.00000000},{"TimeFrom":"2019-04-16T01:03:57","TimeTo":"2019-04-16T01:09:00","Situation":"flat","Value":519.08000000},{"TimeFrom":"2019-04-16T01:09:00","TimeTo":"2019-04-16T01:14:05","Situation":"flat","Value":-619.60000000},{"TimeFrom":"2019-04-16T01:14:05","TimeTo":"2019-04-16T01:19:06","Situation":"flat","Value":617.27000000},{"TimeFrom":"2019-04-16T01:19:06","TimeTo":"2019-04-16T01:24:07","Situation":"flat","Value":505.02000000},{"TimeFrom":"2019-04-16T01:24:07","TimeTo":"2019-04-16T01:29:09","Situation":"flat","Value":-567.55000000},{"TimeFrom":"2019-04-16T01:29:09","TimeTo":"2019-04-16T01:34:10","Situation":"flat","Value":-659.38000000},{"TimeFrom":"2019-04-16T01:34:10","TimeTo":"2019-04-16T01:39:11","Situation":"flat","Value":-58.19000000},{"TimeFrom":"2019-04-16T01:39:11","TimeTo":"2019-04-16T01:44:12","Situation":"flat","Value":1199.11000000},{"TimeFrom":"2019-04-16T01:44:12","TimeTo":"2019-04-16T01:49:15","Situation":"flat","Value":0.00000000},{"TimeFrom":"2019-04-16T01:49:15","TimeTo":"2019-04-16T01:54:15","Situation":"flat","Value":0.00000000},{"TimeFrom":"2019-04-16T01:54:15","TimeTo":"2019-04-16T01:59:15","Situation":"flat","Value":0.00000000},{"TimeFrom":"2019-04-16T01:59:15","TimeTo":"2019-04-16T02:04:15","Situation":"flat","Value":732.61000000},{"TimeFrom":"2019-04-16T02:04:15","TimeTo":"2019-04-16T02:09:16","Situation":"flat","Value":836.13000000},{"TimeFrom":"2019-04-16T02:09:16","TimeTo":"2019-04-16T02:14:18","Situation":"flat","Value":1141.90000000},{"TimeFrom":"2019-04-16T02:14:18","TimeTo":"2019-04-16T02:19:18","Situation":"flat","Value":679.82000000},{"TimeFrom":"2019-04-16T02:19:18","TimeTo":"2019-04-16T02:24:21","Situation":"flat","Value":549.08000000},{"TimeFrom":"2019-04-16T02:24:21","TimeTo":"2019-04-16T02:29:24","Situation":"flat","Value":-584.75000000},{"TimeFrom":"2019-04-16T02:29:24","TimeTo":"2019-04-16T02:34:26","Situation":"flat","Value":0.00000000},{"TimeFrom":"2019-04-16T02:34:26","TimeTo":"2019-04-16T02:38:03","Situation":"trend","Value":0.00000000},{"TimeFrom":"2019-04-16T02:38:03","TimeTo":"2019-04-16T02:41:38","Situation":"trend","Value":1368.49000000},{"TimeFrom":"2019-04-16T02:41:38","TimeTo":"2019-04-16T02:45:15","Situation":"trend","Value":535.57000000},{"TimeFrom":"2019-04-16T02:45:15","TimeTo":"2019-04-16T02:50:15","Situation":"flat","Value":1097.96000000},{"TimeFrom":"2019-04-16T02:50:15","TimeTo":"2019-04-16T02:53:38","Situation":"trend","Value":1307.76000000},{"TimeFrom":"2019-04-16T02:53:38","TimeTo":"2019-04-16T02:58:39","Situation":"flat","Value":0.00000000},{"TimeFrom":"2019-04-16T02:58:39","TimeTo":"2019-04-16T03:03:43","Situation":"flat","Value":479.10000000},{"TimeFrom":"2019-04-16T03:03:43","TimeTo":"2019-04-16T03:08:47","Situation":"flat","Value":4581.07000000},{"TimeFrom":"2019-04-16T03:08:47","TimeTo":"2019-04-16T03:13:49","Situation":"flat","Value":0.00000000},{"TimeFrom":"2019-04-16T03:13:49","TimeTo":"2019-04-16T03:17:34","Situation":"trend","Value":1576.71000000},{"TimeFrom":"2019-04-16T03:17:34","TimeTo":"2019-04-16T03:22:35","Situation":"flat","Value":1084.00000000},{"TimeFrom":"2019-04-16T03:22:35","TimeTo":"2019-04-16T03:27:36","Situation":"flat","Value":1710.36000000},{"TimeFrom":"2019-04-16T03:27:36","TimeTo":"2019-04-16T03:32:36","Situation":"flat","Value":0.00000000},{"TimeFrom":"2019-04-16T03:32:36","TimeTo":"2019-04-16T03:37:22","Situation":"trend","Value":-66.15000000},{"TimeFrom":"2019-04-16T03:37:22","TimeTo":"2019-04-16T03:39:20","Situation":"trend","Value":0.00000000},{"TimeFrom":"2019-04-16T03:39:20","TimeTo":"2019-04-16T03:44:20","Situation":"flat","Value":-583.40000000},{"TimeFrom":"2019-04-16T03:44:20","TimeTo":"2019-04-16T03:49:20","Situation":"flat","Value":0.00000000},{"TimeFrom":"2019-04-16T03:49:20","TimeTo":"2019-04-16T03:54:23","Situation":"flat","Value":587.60000000},{"TimeFrom":"2019-04-16T03:54:23","TimeTo":"2019-04-16T03:59:24","Situation":"flat","Value":696.27000000},{"TimeFrom":"2019-04-16T03:59:24","TimeTo":"2019-04-16T04:04:28","Situation":"flat","Value":0.00000000},{"TimeFrom":"2019-04-16T04:04:28","TimeTo":"2019-04-16T04:09:28","Situation":"flat","Value":498.84000000},{"TimeFrom":"2019-04-16T04:09:28","TimeTo":"2019-04-16T04:14:30","Situation":"flat","Value":-1221.84000000},{"TimeFrom":"2019-04-16T04:14:30","TimeTo":"2019-04-16T04:19:30","Situation":"flat","Value":3126.86000000},{"TimeFrom":"2019-04-16T04:19:30","TimeTo":"2019-04-16T04:24:32","Situation":"flat","Value":16.48000000},{"TimeFrom":"2019-04-16T04:24:32","TimeTo":"2019-04-16T04:29:33","Situation":"flat","Value":0.00000000},{"TimeFrom":"2019-04-16T04:29:33","TimeTo":"2019-04-16T04:34:36","Situation":"flat","Value":177.57000000},{"TimeFrom":"2019-04-16T04:34:36","TimeTo":"2019-04-16T04:39:38","Situation":"flat","Value":-392.09000000},{"TimeFrom":"2019-04-16T04:39:38","TimeTo":"2019-04-16T04:41:26","Situation":"trend","Value":-2698.95000000},{"TimeFrom":"2019-04-16T04:41:26","TimeTo":"2019-04-16T04:41:41","Situation":"trend","Value":-6005.56000000},{"TimeFrom":"2019-04-16T04:41:41","TimeTo":"2019-04-16T04:44:08","Situation":"trend","Value":-1000.00000000},{"TimeFrom":"2019-04-16T04:44:08","TimeTo":"2019-04-16T04:49:09","Situation":"flat","Value":-25.15000000},{"TimeFrom":"2019-04-16T04:49:09","TimeTo":"2019-04-16T04:51:59","Situation":"trend","Value":2571.12000000},{"TimeFrom":"2019-04-16T04:51:59","TimeTo":"2019-04-16T04:57:04","Situation":"flat","Value":0.00000000},{"TimeFrom":"2019-04-16T04:57:04","TimeTo":"2019-04-16T05:02:05","Situation":"flat","Value":1304.75000000},{"TimeFrom":"2019-04-16T05:02:05","TimeTo":"2019-04-16T05:07:09","Situation":"flat","Value":862.08000000},{"TimeFrom":"2019-04-16T05:07:09","TimeTo":"2019-04-16T05:12:10","Situation":"flat","Value":1807.01000000},{"TimeFrom":"2019-04-16T05:12:10","TimeTo":"2019-04-16T05:17:10","Situation":"flat","Value":72.16000000},{"TimeFrom":"2019-04-16T05:17:10","TimeTo":"2019-04-16T05:22:10","Situation":"flat","Value":946.09000000},{"TimeFrom":"2019-04-16T05:22:10","TimeTo":"2019-04-16T05:27:10","Situation":"flat","Value":657.13000000},{"TimeFrom":"2019-04-16T05:27:10","TimeTo":"2019-04-16T05:32:10","Situation":"flat","Value":-1105.58000000},{"TimeFrom":"2019-04-16T05:32:10","TimeTo":"2019-04-16T05:37:10","Situation":"flat","Value":0.00000000},{"TimeFrom":"2019-04-16T05:37:10","TimeTo":"2019-04-16T05:42:11","Situation":"flat","Value":-100.77000000},{"TimeFrom":"2019-04-16T05:42:11","TimeTo":"2019-04-16T05:47:14","Situation":"flat","Value":567.43000000},{"TimeFrom":"2019-04-16T05:47:14","TimeTo":"2019-04-16T05:52:15","Situation":"flat","Value":-194.80000000},{"TimeFrom":"2019-04-16T05:52:15","TimeTo":"2019-04-16T05:57:16","Situation":"flat","Value":-413.94000000},{"TimeFrom":"2019-04-16T05:57:16","TimeTo":"2019-04-16T06:02:16","Situation":"flat","Value":-1670.15000000},{"TimeFrom":"2019-04-16T06:02:16","TimeTo":"2019-04-16T06:07:20","Situation":"flat","Value":552.00000000},{"TimeFrom":"2019-04-16T06:07:20","TimeTo":"2019-04-16T06:12:20","Situation":"flat","Value":-510.08000000},{"TimeFrom":"2019-04-16T06:12:20","TimeTo":"2019-04-16T06:17:21","Situation":"flat","Value":-511.24000000},{"TimeFrom":"2019-04-16T06:17:21","TimeTo":"2019-04-16T06:22:21","Situation":"flat","Value":2109.77000000},{"TimeFrom":"2019-04-16T06:22:21","TimeTo":"2019-04-16T06:27:25","Situation":"flat","Value":582.50000000},{"TimeFrom":"2019-04-16T06:27:25","TimeTo":"2019-04-16T06:32:26","Situation":"flat","Value":-561.23000000},{"TimeFrom":"2019-04-16T06:32:26","TimeTo":"2019-04-16T06:37:28","Situation":"flat","Value":-51.70000000},{"TimeFrom":"2019-04-16T06:37:28","TimeTo":"2019-04-16T06:42:30","Situation":"flat","Value":1391.94000000},{"TimeFrom":"2019-04-16T06:42:30","TimeTo":"2019-04-16T06:47:30","Situation":"flat","Value":63.66000000},{"TimeFrom":"2019-04-16T06:47:30","TimeTo":"2019-04-16T06:52:31","Situation":"flat","Value":0.00000000},{"TimeFrom":"2019-04-16T06:52:31","TimeTo":"2019-04-16T06:57:32","Situation":"flat","Value":3036.86000000},{"TimeFrom":"2019-04-16T06:57:32","TimeTo":"2019-04-16T07:02:35","Situation":"flat","Value":2800.82000000},{"TimeFrom":"2019-04-16T07:02:35","TimeTo":"2019-04-16T07:07:36","Situation":"flat","Value":-68.76000000},{"TimeFrom":"2019-04-16T07:07:36","TimeTo":"2019-04-16T07:12:40","Situation":"flat","Value":832.39000000},{"TimeFrom":"2019-04-16T07:12:40","TimeTo":"2019-04-16T07:14:20","Situation":"trend","Value":610.50000000},{"TimeFrom":"2019-04-16T07:14:20","TimeTo":"2019-04-16T07:19:20","Situation":"flat","Value":0.00000000},{"TimeFrom":"2019-04-16T07:19:20","TimeTo":"2019-04-16T07:24:22","Situation":"flat","Value":1149.30000000},{"TimeFrom":"2019-04-16T07:24:22","TimeTo":"2019-04-16T07:29:25","Situation":"flat","Value":0.00000000},{"TimeFrom":"2019-04-16T07:29:25","TimeTo":"2019-04-16T07:34:25","Situation":"flat","Value":0.00000000},{"TimeFrom":"2019-04-16T07:34:25","TimeTo":"2019-04-16T07:39:29","Situation":"flat","Value":2061.16000000},{"TimeFrom":"2019-04-16T07:39:29","TimeTo":"2019-04-16T07:44:30","Situation":"flat","Value":424.64000000},{"TimeFrom":"2019-04-16T07:44:30","TimeTo":"2019-04-16T07:49:31","Situation":"flat","Value":3239.18000000},{"TimeFrom":"2019-04-16T07:49:31","TimeTo":"2019-04-16T07:54:33","Situation":"flat","Value":261.85000000},{"TimeFrom":"2019-04-16T07:54:33","TimeTo":"2019-04-16T07:59:35","Situation":"flat","Value":0.00000000},{"TimeFrom":"2019-04-16T07:59:35","TimeTo":"2019-04-16T08:04:36","Situation":"flat","Value":761.16000000},{"TimeFrom":"2019-04-16T08:04:36","TimeTo":"2019-04-16T08:09:40","Situation":"flat","Value":1963.62000000},{"TimeFrom":"2019-04-16T08:09:40","TimeTo":"2019-04-16T08:14:43","Situation":"flat","Value":-1001.32000000},{"TimeFrom":"2019-04-16T08:14:43","TimeTo":"2019-04-16T08:19:47","Situation":"flat","Value":3846.82000000},{"TimeFrom":"2019-04-16T08:19:47","TimeTo":"2019-04-16T08:24:49","Situation":"flat","Value":-2384.17000000},{"TimeFrom":"2019-04-16T08:24:49","TimeTo":"2019-04-16T08:29:52","Situation":"flat","Value":1498.31000000},{"TimeFrom":"2019-04-16T08:29:52","TimeTo":"2019-04-16T08:32:56","Situation":"trend","Value":3669.30000000},{"TimeFrom":"2019-04-16T08:32:56","TimeTo":"2019-04-16T08:35:24","Situation":"trend","Value":662.91000000},{"TimeFrom":"2019-04-16T08:35:24","TimeTo":"2019-04-16T08:36:50","Situation":"trend","Value":7034.17000000},{"TimeFrom":"2019-04-16T08:36:50","TimeTo":"2019-04-16T08:38:45","Situation":"trend","Value":1195.23000000},{"TimeFrom":"2019-04-16T08:38:45","TimeTo":"2019-04-16T08:40:23","Situation":"trend","Value":338.95000000},{"TimeFrom":"2019-04-16T08:40:23","TimeTo":"2019-04-16T08:44:26","Situation":"trend","Value":1360.37000000},{"TimeFrom":"2019-04-16T08:44:26","TimeTo":"2019-04-16T08:47:24","Situation":"trend","Value":-842.91000000},{"TimeFrom":"2019-04-16T08:47:24","TimeTo":"2019-04-16T08:51:19","Situation":"trend","Value":-2452.36000000},{"TimeFrom":"2019-04-16T08:51:19","TimeTo":"2019-04-16T08:53:06","Situation":"trend","Value":-823.59000000},{"TimeFrom":"2019-04-16T08:53:06","TimeTo":"2019-04-16T08:58:05","Situation":"trend","Value":1546.02000000},{"TimeFrom":"2019-04-16T08:58:05","TimeTo":"2019-04-16T09:00:16","Situation":"trend","Value":1122.01000000},{"TimeFrom":"2019-04-16T09:00:16","TimeTo":"2019-04-16T09:02:30","Situation":"trend","Value":28.23000000},{"TimeFrom":"2019-04-16T09:02:30","TimeTo":"2019-04-16T09:07:10","Situation":"trend","Value":1657.48000000},{"TimeFrom":"2019-04-16T09:07:10","TimeTo":"2019-04-16T09:12:11","Situation":"flat","Value":-2135.69000000},{"TimeFrom":"2019-04-16T09:12:11","TimeTo":"2019-04-16T09:14:10","Situation":"trend","Value":-1289.25000000},{"TimeFrom":"2019-04-16T09:14:10","TimeTo":"2019-04-16T09:19:10","Situation":"flat","Value":0.00000000},{"TimeFrom":"2019-04-16T09:19:10","TimeTo":"2019-04-16T09:19:20","Situation":"trend","Value":0.00000000},{"TimeFrom":"2019-04-16T09:19:20","TimeTo":"2019-04-16T09:23:50","Situation":"trend","Value":9985.83000000},{"TimeFrom":"2019-04-16T09:23:50","TimeTo":"2019-04-16T09:27:14","Situation":"trend","Value":8918.83000000},{"TimeFrom":"2019-04-16T09:27:14","TimeTo":"2019-04-16T09:32:18","Situation":"flat","Value":1148.67000000},{"TimeFrom":"2019-04-16T09:32:18","TimeTo":"2019-04-16T09:36:38","Situation":"trend","Value":739.01000000},{"TimeFrom":"2019-04-16T09:36:38","TimeTo":"2019-04-16T09:41:40","Situation":"flat","Value":-696.75000000},{"TimeFrom":"2019-04-16T09:41:40","TimeTo":"2019-04-16T09:42:10","Situation":"trend","Value":1190.89000000},{"TimeFrom":"2019-04-16T09:42:10","TimeTo":"2019-04-16T09:47:11","Situation":"flat","Value":14849.34000000},{"TimeFrom":"2019-04-16T09:47:11","TimeTo":"2019-04-16T09:49:55","Situation":"trend","Value":0.00000000},{"TimeFrom":"2019-04-16T09:49:55","TimeTo":"2019-04-16T09:53:59","Situation":"trend","Value":1254.56000000},{"TimeFrom":"2019-04-16T09:53:59","TimeTo":"2019-04-16T09:59:00","Situation":"flat","Value":-7729.72000000},{"TimeFrom":"2019-04-16T09:59:00","TimeTo":"2019-04-16T10:04:05","Situation":"flat","Value":76.02000000},{"TimeFrom":"2019-04-16T10:04:05","TimeTo":"2019-04-16T10:04:55","Situation":"trend","Value":-521.58000000},{"TimeFrom":"2019-04-16T10:04:55","TimeTo":"2019-04-16T10:09:55","Situation":"flat","Value":-521.10000000},{"TimeFrom":"2019-04-16T10:09:55","TimeTo":"2019-04-16T10:10:55","Situation":"trend","Value":-1225.14000000},{"TimeFrom":"2019-04-16T10:10:55","TimeTo":"2019-04-16T10:14:00","Situation":"trend","Value":-943.56000000},{"TimeFrom":"2019-04-16T10:14:00","TimeTo":"2019-04-16T10:19:05","Situation":"flat","Value":633.26000000},{"TimeFrom":"2019-04-16T10:19:05","TimeTo":"2019-04-16T10:24:06","Situation":"flat","Value":0.00000000},{"TimeFrom":"2019-04-16T10:24:06","TimeTo":"2019-04-16T10:27:05","Situation":"trend","Value":0.00000000},{"TimeFrom":"2019-04-16T10:27:05","TimeTo":"2019-04-16T10:30:01","Situation":"trend","Value":0.00000000},{"TimeFrom":"2019-04-16T10:30:01","TimeTo":"2019-04-16T10:35:05","Situation":"flat","Value":0.00000000},{"TimeFrom":"2019-04-16T10:35:05","TimeTo":"2019-04-16T10:38:09","Situation":"trend","Value":545.08000000},{"TimeFrom":"2019-04-16T10:38:09","TimeTo":"2019-04-16T10:41:56","Situation":"trend","Value":0.00000000},{"TimeFrom":"2019-04-16T10:41:56","TimeTo":"2019-04-16T10:46:56","Situation":"flat","Value":0.00000000},{"TimeFrom":"2019-04-16T10:46:56","TimeTo":"2019-04-16T10:52:00","Situation":"flat","Value":0.00000000},{"TimeFrom":"2019-04-16T10:52:00","TimeTo":"2019-04-16T10:52:35","Situation":"trend","Value":0.00000000},{"TimeFrom":"2019-04-16T10:52:35","TimeTo":"2019-04-16T10:57:36","Situation":"flat","Value":0.00000000},{"TimeFrom":"2019-04-16T10:57:36","TimeTo":"2019-04-16T11:02:40","Situation":"flat","Value":0.00000000},{"TimeFrom":"2019-04-16T11:02:40","TimeTo":"2019-04-16T11:07:44","Situation":"flat","Value":0.00000000},{"TimeFrom":"2019-04-16T11:07:44","TimeTo":"2019-04-16T11:12:48","Situation":"flat","Value":0.00000000},{"TimeFrom":"2019-04-16T11:12:48","TimeTo":"2019-04-16T11:17:48","Situation":"flat","Value":0.00000000},{"TimeFrom":"2019-04-16T11:17:48","TimeTo":"2019-04-16T11:22:50","Situation":"flat","Value":0.00000000},{"TimeFrom":"2019-04-16T11:22:50","TimeTo":"2019-04-16T11:27:53","Situation":"flat","Value":0.00000000},{"TimeFrom":"2019-04-16T11:27:53","TimeTo":"2019-04-16T11:32:55","Situation":"flat","Value":-3310.07000000},{"TimeFrom":"2019-04-16T11:32:55","TimeTo":"2019-04-16T11:37:59","Situation":"flat","Value":0.00000000},{"TimeFrom":"2019-04-16T11:37:59","TimeTo":"2019-04-16T11:43:00","Situation":"flat","Value":0.00000000},{"TimeFrom":"2019-04-16T11:43:00","TimeTo":"2019-04-16T11:48:05","Situation":"flat","Value":0.00000000},{"TimeFrom":"2019-04-16T11:48:05","TimeTo":"2019-04-16T11:53:06","Situation":"flat","Value":-1199.50000000},{"TimeFrom":"2019-04-16T11:53:06","TimeTo":"2019-04-16T11:56:56","Situation":"trend","Value":0.00000000},{"TimeFrom":"2019-04-16T11:56:56","TimeTo":"2019-04-16T12:02:00","Situation":"flat","Value":0.00000000},{"TimeFrom":"2019-04-16T12:02:00","TimeTo":"2019-04-16T12:07:02","Situation":"flat","Value":-3168.61000000},{"TimeFrom":"2019-04-16T12:07:02","TimeTo":"2019-04-16T12:12:05","Situation":"flat","Value":0.00000000},{"TimeFrom":"2019-04-16T12:12:05","TimeTo":"2019-04-16T12:17:08","Situation":"flat","Value":544.72000000},{"TimeFrom":"2019-04-16T12:17:08","TimeTo":"2019-04-16T12:22:10","Situation":"flat","Value":0.00000000},{"TimeFrom":"2019-04-16T12:22:10","TimeTo":"2019-04-16T12:27:11","Situation":"flat","Value":0.00000000},{"TimeFrom":"2019-04-16T12:27:11","TimeTo":"2019-04-16T12:28:12","Situation":"trend","Value":0.00000000},{"TimeFrom":"2019-04-16T12:28:12","TimeTo":"2019-04-16T12:33:16","Situation":"flat","Value":0.00000000},{"TimeFrom":"2019-04-16T12:33:16","TimeTo":"2019-04-16T12:38:16","Situation":"flat","Value":0.00000000},{"TimeFrom":"2019-04-16T12:38:16","TimeTo":"2019-04-16T12:43:16","Situation":"flat","Value":6578.42000000},{"TimeFrom":"2019-04-16T12:43:16","TimeTo":"2019-04-16T12:48:20","Situation":"flat","Value":0.00000000},{"TimeFrom":"2019-04-16T12:48:20","TimeTo":"2019-04-16T12:53:22","Situation":"flat","Value":0.00000000},{"TimeFrom":"2019-04-16T12:53:22","TimeTo":"2019-04-16T12:58:24","Situation":"flat","Value":0.00000000}]}
