{"OrderBookAsks":[{"Time":"2019-04-16T07:17:10","Situation":"flat","Type":"ask","Price":162.70000000,"Amount":968.76255000,"Done":false},{"Time":"2019-04-16T07:22:13","Situation":"flat","Type":"ask","Price":162.70000000,"Amount":968.76255000,"Done":false},{"Time":"2019-04-16T07:27:16","Situation":"flat","Type":"ask","Price":162.70000000,"Amount":968.76255000,"Done":false},{"Time":"2019-04-16T07:32:17","Situation":"flat","Type":"ask","Price":162.70000000,"Amount":978.96254000,"Done":false},{"Time":"2019-04-16T07:37:18","Situation":"flat","Type":"ask","Price":162.70000000,"Amount":968.76255000,"Done":false},{"Time":"2019-04-16T07:42:21","Situation":"flat","Type":"ask","Price":162.70000000,"Amount":968.76255000,"Done":false},{"Time":"2019-04-16T07:47:26","Situation":"flat","Type":"ask","Price":162.70000000,"Amount":968.76255000,"Done":false},{"Time":"2019-04-16T08:17:38","Situation":"flat","Type":"ask","Price":163.35000000,"Amount":1516.43284000,"Done":false},{"Time":"2019-04-16T08:22:40","Situation":"flat","Type":"ask","Price":163.35000000,"Amount":1516.43284000,"Done":false},{"Time":"2019-04-16T08:27:43","Situation":"flat","Type":"ask","Price":163.35000000,"Amount":1516.43284000,"Done":false},{"Time":"2019-04-16T08:32:45","Situation":"flat","Type":"ask","Price":163.35000000,"Amount":1548.03284000,"Done":false},{"Time":"2019-04-16T08:42:47","Situation":"flat","Type":"ask","Price":163.67000000,"Amount":1000.00000000,"Done":false}],"OrderBookBids":[{"Time":"2019-04-16T09:02:55","Situation":"flat","Type":"bid","Price":163.00000000,"Amount":1317.38099000,"Done":false},{"Time":"2019-04-16T09:07:55","Situation":"flat","Type":"bid","Price":163.00000000,"Amount":1304.48863000,"Done":false},{"Time":"2019-04-16T09:12:56","Situation":"flat","Type":"bid","Price":163.00000000,"Amount":1303.48863000,"Done":false},{"Time":"2019-04-16T09:18:00","Situation":"flat","Type":"bid","Price":163.00000000,"Amount":1490.76548000,"Done":false},{"Time":"2019-04-16T09:23:05","Situation":"flat","Type":"bid","Price":163.00000000,"Amount":1506.20348000,"Done":false},{"Time":"2019-04-16T09:28:06","Situation":"flat","Type":"bid","Price":163.00000000,"Amount":1503.79548000,"Done":false},{"Time":"2019-04-16T09:33:10","Situation":"flat","Type":"bid","Price":163.00000000,"Amount":1503.36548000,"Done":false},{"Time":"2019-04-16T09:38:10","Situation":"flat","Type":"bid","Price":163.00000000,"Amount":1502.52192000,"Done":false},{"Time":"2019-04-16T09:43:10","Situation":"flat","Type":"bid","Price":163.00000000,"Amount":1500.86548000,"Done":false},{"Time":"2019-04-16T09:48:13","Situation":"flat","Type":"bid","Price":163.00000000,"Amount":1519.82526000,"Done":false},{"Time":"2019-04-16T09:53:14","Situation":"flat","Type":"bid","Price":163.00000000,"Amount":1506.82526000,"Done":false},{"Time":"2019-04-16T09:58:16","Situation":"flat","Type":"bid","Price":163.00000000,"Amount":1506.82526000,"Done":false},{"Time":"2019-04-16T10:03:18","Situation":"flat","Type":"bid","Price":163.00000000,"Amount":1504.32526000,"Done":false},{"Time":"2019-04-16T12:34:16","Situation":"flat","Type":"bid","Price":160.00000000,"Amount":768.65054000,"Done":false}],"TradeHistory":[{"Time":"2019-04-16T00:03:53","Situation":"flat","Id":"62318726","Type":"market","Side":"sell","OrderTime":"2019-04-16T00:02:07","Price":159.72000000,"Amount":53.62692000},{"Time":"2019-04-16T00:03:53","Situation":"flat","Id":"62318841","Type":"market","Side":"buy","OrderTime":"2019-04-16T00:03:46","Price":159.95000000,"Amount":56.00000000},{"Time":"2019-04-16T00:13:58","Situation":"flat","Id":"62319157","Type":"market","Side":"buy","OrderTime":"2019-04-16T00:09:18","Price":159.50000000,"Amount":91.00000000},{"Time":"2019-04-16T00:28:43","Situation":"trend","Id":"62320036","Type":"market","Side":"sell","OrderTime":"2019-04-16T00:24:59","Price":159.58000000,"Amount":60.03550000},{"Time":"2019-04-16T00:28:43","Situation":"trend","Id":"62320114","Type":"market","Side":"sell","OrderTime":"2019-04-16T00:26:23","Price":159.80000000,"Amount":104.21200000},{"Time":"2019-04-16T00:28:43","Situation":"trend","Id":"62320291","Type":"market","Side":"buy","OrderTime":"2019-04-16T00:28:42","Price":160.65000000,"Amount":59.80861000},{"Time":"2019-04-16T00:33:45","Situation":"flat","Id":"62320547","Type":"market","Side":"sell","OrderTime":"2019-04-16T00:28:54","Price":161.06000000,"Amount":58.64822000},{"Time":"2019-04-16T00:33:45","Situation":"flat","Id":"62320555","Type":"market","Side":"sell","OrderTime":"2019-04-16T00:28:54","Price":161.02000000,"Amount":61.90077000},{"Time":"2019-04-16T00:33:45","Situation":"flat","Id":"62320923","Type":"market","Side":"sell","OrderTime":"2019-04-16T00:30:34","Price":161.30000000,"Amount":474.00000000},{"Time":"2019-04-16T00:33:45","Situation":"flat","Id":"62321146","Type":"market","Side":"buy","OrderTime":"2019-04-16T00:33:11","Price":161.20000000,"Amount":218.00000000},{"Time":"2019-04-16T00:38:46","Situation":"flat","Id":"62321203","Type":"market","Side":"sell","OrderTime":"2019-04-16T00:34:24","Price":161.00000000,"Amount":59.23345000},{"Time":"2019-04-16T00:58:54","Situation":"flat","Id":"62322031","Type":"market","Side":"sell","OrderTime":"2019-04-16T00:55:00","Price":160.89000000,"Amount":58.22597000},{"Time":"2019-04-16T00:58:54","Situation":"flat","Id":"62322033","Type":"market","Side":"sell","OrderTime":"2019-04-16T00:55:00","Price":160.87000000,"Amount":62.71263000},{"Time":"2019-04-16T00:58:54","Situation":"flat","Id":"62322038","Type":"market","Side":"sell","OrderTime":"2019-04-16T00:55:00","Price":160.81000000,"Amount":51.76347000},{"Time":"2019-04-16T01:09:00","Situation":"flat","Id":"62322515","Type":"market","Side":"buy","OrderTime":"2019-04-16T01:08:56","Price":161.10000000,"Amount":74.23730000},{"Time":"2019-04-16T01:14:00","Situation":"flat","Id":"62322551","Type":"market","Side":"buy","OrderTime":"2019-04-16T01:09:21","Price":161.10000000,"Amount":94.84580000},{"Time":"2019-04-16T01:14:00","Situation":"flat","Id":"62322671","Type":"market","Side":"buy","OrderTime":"2019-04-16T01:11:31","Price":161.67000000,"Amount":59.83710000},{"Time":"2019-04-16T01:34:06","Situation":"flat","Id":"62323452","Type":"market","Side":"sell","OrderTime":"2019-04-16T01:33:34","Price":161.64000000,"Amount":103.00000000},{"Time":"2019-04-16T01:34:06","Situation":"flat","Id":"62323455","Type":"market","Side":"sell","OrderTime":"2019-04-16T01:33:37","Price":161.63000000,"Amount":116.96837000},{"Time":"2019-04-16T02:24:15","Situation":"flat","Id":"62325262","Type":"market","Side":"buy","OrderTime":"2019-04-16T02:23:06","Price":161.48000000,"Amount":73.89076000},{"Time":"2019-04-16T02:39:20","Situation":"flat","Id":"62325812","Type":"market","Side":"sell","OrderTime":"2019-04-16T02:36:46","Price":160.81000000,"Amount":58.00343000},{"Time":"2019-04-16T02:44:20","Situation":"flat","Id":"62326220","Type":"market","Side":"sell","OrderTime":"2019-04-16T02:43:59","Price":160.00000000,"Amount":54.52968000},{"Time":"2019-04-16T02:54:23","Situation":"flat","Id":"62326581","Type":"market","Side":"sell","OrderTime":"2019-04-16T02:52:18","Price":160.20000000,"Amount":74.76227000},{"Time":"2019-04-16T02:54:23","Situation":"flat","Id":"62326584","Type":"market","Side":"sell","OrderTime":"2019-04-16T02:52:18","Price":160.15000000,"Amount":83.39588000},{"Time":"2019-04-16T03:19:36","Situation":"flat","Id":"62327552","Type":"market","Side":"sell","OrderTime":"2019-04-16T03:18:14","Price":161.11000000,"Amount":60.78770000},{"Time":"2019-04-16T03:54:50","Situation":"flat","Id":"62328510","Type":"market","Side":"buy","OrderTime":"2019-04-16T03:52:45","Price":160.71000000,"Amount":122.00000000},{"Time":"2019-04-16T04:14:56","Situation":"flat","Id":"62329017","Type":"market","Side":"sell","OrderTime":"2019-04-16T04:09:59","Price":161.00000000,"Amount":70.92158000},{"Time":"2019-04-16T04:14:56","Situation":"flat","Id":"62329022","Type":"market","Side":"sell","OrderTime":"2019-04-16T04:10:09","Price":161.01000000,"Amount":72.27984000},{"Time":"2019-04-16T04:14:56","Situation":"flat","Id":"62329072","Type":"market","Side":"buy","OrderTime":"2019-04-16T04:11:09","Price":161.14000000,"Amount":153.00000000},{"Time":"2019-04-16T04:30:05","Situation":"flat","Id":"62329366","Type":"market","Side":"buy","OrderTime":"2019-04-16T04:28:31","Price":161.19000000,"Amount":50.00000000},{"Time":"2019-04-16T04:40:11","Situation":"flat","Id":"62329953","Type":"market","Side":"sell","OrderTime":"2019-04-16T04:39:25","Price":161.53000000,"Amount":75.00000000},{"Time":"2019-04-16T04:45:15","Situation":"flat","Id":"62330085","Type":"market","Side":"sell","OrderTime":"2019-04-16T04:42:31","Price":161.65000000,"Amount":50.00000000},{"Time":"2019-04-16T04:55:20","Situation":"flat","Id":"62330481","Type":"market","Side":"sell","OrderTime":"2019-04-16T04:53:27","Price":161.47000000,"Amount":66.48800000},{"Time":"2019-04-16T04:55:20","Situation":"flat","Id":"62330680","Type":"market","Side":"sell","OrderTime":"2019-04-16T04:54:32","Price":161.08000000,"Amount":86.56743000},{"Time":"2019-04-16T05:00:20","Situation":"flat","Id":"62330740","Type":"market","Side":"buy","OrderTime":"2019-04-16T04:55:37","Price":161.20000000,"Amount":53.68617000},{"Time":"2019-04-16T05:05:21","Situation":"flat","Id":"62331071","Type":"market","Side":"buy","OrderTime":"2019-04-16T05:03:48","Price":160.62000000,"Amount":56.60363000},{"Time":"2019-04-16T05:10:25","Situation":"flat","Id":"62331224","Type":"market","Side":"buy","OrderTime":"2019-04-16T05:07:20","Price":161.00000000,"Amount":58.00000000},{"Time":"2019-04-16T05:20:29","Situation":"flat","Id":"62331564","Type":"market","Side":"sell","OrderTime":"2019-04-16T05:17:06","Price":161.22000000,"Amount":69.07096000},{"Time":"2019-04-16T05:27:00","Situation":"trend","Id":"62332069","Type":"market","Side":"sell","OrderTime":"2019-04-16T05:24:56","Price":161.94000000,"Amount":56.69890000},{"Time":"2019-04-16T05:27:00","Situation":"trend","Id":"62332140","Type":"market","Side":"buy","OrderTime":"2019-04-16T05:26:14","Price":162.00000000,"Amount":63.00000000},{"Time":"2019-04-16T05:31:23","Situation":"trend","Id":"62332598","Type":"market","Side":"buy","OrderTime":"2019-04-16T05:27:17","Price":162.97000000,"Amount":135.33940000},{"Time":"2019-04-16T05:31:23","Situation":"trend","Id":"62332629","Type":"market","Side":"buy","OrderTime":"2019-04-16T05:27:20","Price":162.97000000,"Amount":170.23841000},{"Time":"2019-04-16T05:31:23","Situation":"trend","Id":"62332637","Type":"market","Side":"buy","OrderTime":"2019-04-16T05:27:20","Price":163.00000000,"Amount":53.93220000},{"Time":"2019-04-16T05:31:23","Situation":"trend","Id":"62332699","Type":"market","Side":"sell","OrderTime":"2019-04-16T05:27:32","Price":162.97000000,"Amount":93.41371000},{"Time":"2019-04-16T05:31:23","Situation":"trend","Id":"62332709","Type":"market","Side":"sell","OrderTime":"2019-04-16T05:27:33","Price":162.97000000,"Amount":60.10000000},{"Time":"2019-04-16T05:31:23","Situation":"trend","Id":"62333004","Type":"market","Side":"sell","OrderTime":"2019-04-16T05:28:59","Price":162.87000000,"Amount":50.85300000},{"Time":"2019-04-16T05:31:23","Situation":"trend","Id":"62333070","Type":"market","Side":"sell","OrderTime":"2019-04-16T05:29:42","Price":162.50000000,"Amount":638.82603000},{"Time":"2019-04-16T05:31:23","Situation":"trend","Id":"62333074","Type":"market","Side":"buy","OrderTime":"2019-04-16T05:29:45","Price":162.54000000,"Amount":63.00000000},{"Time":"2019-04-16T05:31:23","Situation":"trend","Id":"62333076","Type":"market","Side":"sell","OrderTime":"2019-04-16T05:29:45","Price":162.50000000,"Amount":231.18346000},{"Time":"2019-04-16T05:36:26","Situation":"flat","Id":"62333433","Type":"market","Side":"sell","OrderTime":"2019-04-16T05:36:19","Price":162.50000000,"Amount":175.00000000},{"Time":"2019-04-16T05:41:30","Situation":"flat","Id":"62333528","Type":"market","Side":"sell","OrderTime":"2019-04-16T05:37:54","Price":163.00000000,"Amount":94.01495000},{"Time":"2019-04-16T05:56:40","Situation":"flat","Id":"62334335","Type":"market","Side":"buy","OrderTime":"2019-04-16T05:55:07","Price":161.78000000,"Amount":56.38671000},{"Time":"2019-04-16T06:21:50","Situation":"flat","Id":"62335101","Type":"market","Side":"buy","OrderTime":"2019-04-16T06:17:58","Price":162.12000000,"Amount":60.86289000},{"Time":"2019-04-16T06:26:51","Situation":"flat","Id":"62335379","Type":"market","Side":"sell","OrderTime":"2019-04-16T06:25:42","Price":162.08000000,"Amount":83.00000000},{"Time":"2019-04-16T07:02:10","Situation":"flat","Id":"62336501","Type":"market","Side":"sell","OrderTime":"2019-04-16T06:59:53","Price":161.90000000,"Amount":88.00000000},{"Time":"2019-04-16T07:22:13","Situation":"flat","Id":"62337212","Type":"market","Side":"buy","OrderTime":"2019-04-16T07:19:59","Price":162.39000000,"Amount":57.69077000},{"Time":"2019-04-16T07:27:16","Situation":"flat","Id":"62337341","Type":"market","Side":"buy","OrderTime":"2019-04-16T07:23:28","Price":162.33000000,"Amount":53.00000000},{"Time":"2019-04-16T07:42:21","Situation":"flat","Id":"62337901","Type":"market","Side":"buy","OrderTime":"2019-04-16T07:42:13","Price":162.15000000,"Amount":68.42541000},{"Time":"2019-04-16T07:52:28","Situation":"flat","Id":"62338103","Type":"market","Side":"buy","OrderTime":"2019-04-16T07:48:23","Price":162.70000000,"Amount":334.80523000},{"Time":"2019-04-16T07:52:28","Situation":"flat","Id":"62338122","Type":"market","Side":"buy","OrderTime":"2019-04-16T07:48:25","Price":162.70000000,"Amount":224.23846000},{"Time":"2019-04-16T07:52:28","Situation":"flat","Id":"62338168","Type":"market","Side":"sell","OrderTime":"2019-04-16T07:49:16","Price":162.60000000,"Amount":50.00000000},{"Time":"2019-04-16T07:52:28","Situation":"flat","Id":"62338234","Type":"market","Side":"buy","OrderTime":"2019-04-16T07:50:44","Price":162.45000000,"Amount":61.00000000},{"Time":"2019-04-16T07:57:29","Situation":"flat","Id":"62338333","Type":"market","Side":"sell","OrderTime":"2019-04-16T07:53:15","Price":162.43000000,"Amount":92.47158000},{"Time":"2019-04-16T08:07:35","Situation":"flat","Id":"62338796","Type":"market","Side":"buy","OrderTime":"2019-04-16T08:05:03","Price":162.70000000,"Amount":380.00000000},{"Time":"2019-04-16T08:12:35","Situation":"flat","Id":"62339059","Type":"market","Side":"buy","OrderTime":"2019-04-16T08:11:04","Price":162.50000000,"Amount":145.83180000},{"Time":"2019-04-16T08:17:38","Situation":"flat","Id":"62339134","Type":"market","Side":"buy","OrderTime":"2019-04-16T08:14:18","Price":162.67000000,"Amount":153.43432000},{"Time":"2019-04-16T08:17:38","Situation":"flat","Id":"62339199","Type":"market","Side":"sell","OrderTime":"2019-04-16T08:15:12","Price":162.90000000,"Amount":72.35806000},{"Time":"2019-04-16T08:17:38","Situation":"flat","Id":"62339212","Type":"market","Side":"sell","OrderTime":"2019-04-16T08:15:13","Price":162.90000000,"Amount":431.90100000},{"Time":"2019-04-16T08:17:38","Situation":"flat","Id":"62339213","Type":"market","Side":"sell","OrderTime":"2019-04-16T08:15:13","Price":162.90000000,"Amount":596.00000000},{"Time":"2019-04-16T08:37:45","Situation":"flat","Id":"62339777","Type":"market","Side":"buy","OrderTime":"2019-04-16T08:33:12","Price":163.00000000,"Amount":201.22658000},{"Time":"2019-04-16T08:52:50","Situation":"flat","Id":"62340844","Type":"market","Side":"sell","OrderTime":"2019-04-16T08:52:12","Price":163.01000000,"Amount":63.62276000},{"Time":"2019-04-16T09:02:55","Situation":"flat","Id":"62341148","Type":"market","Side":"buy","OrderTime":"2019-04-16T08:58:02","Price":162.76000000,"Amount":66.39863000},{"Time":"2019-04-16T09:02:55","Situation":"flat","Id":"62341161","Type":"market","Side":"buy","OrderTime":"2019-04-16T08:58:02","Price":162.99000000,"Amount":73.90618000},{"Time":"2019-04-16T09:02:55","Situation":"flat","Id":"62341163","Type":"market","Side":"sell","OrderTime":"2019-04-16T08:58:02","Price":163.00000000,"Amount":513.59410000},{"Time":"2019-04-16T09:02:55","Situation":"flat","Id":"62341164","Type":"market","Side":"sell","OrderTime":"2019-04-16T08:58:02","Price":163.00000000,"Amount":372.17000000},{"Time":"2019-04-16T09:02:55","Situation":"flat","Id":"62341166","Type":"market","Side":"sell","OrderTime":"2019-04-16T08:58:02","Price":163.00000000,"Amount":56.85855000},{"Time":"2019-04-16T09:02:55","Situation":"flat","Id":"62341170","Type":"market","Side":"sell","OrderTime":"2019-04-16T08:58:02","Price":163.00000000,"Amount":92.14320000},{"Time":"2019-04-16T09:02:55","Situation":"flat","Id":"62341172","Type":"market","Side":"sell","OrderTime":"2019-04-16T08:58:02","Price":163.00000000,"Amount":305.47426000},{"Time":"2019-04-16T09:02:55","Situation":"flat","Id":"62341176","Type":"market","Side":"sell","OrderTime":"2019-04-16T08:58:02","Price":163.00000000,"Amount":73.59928000},{"Time":"2019-04-16T09:02:55","Situation":"flat","Id":"62341177","Type":"market","Side":"sell","OrderTime":"2019-04-16T08:58:02","Price":163.00000000,"Amount":83.04115000},{"Time":"2019-04-16T09:02:55","Situation":"flat","Id":"62341186","Type":"market","Side":"buy","OrderTime":"2019-04-16T08:58:02","Price":163.01000000,"Amount":92.30864000},{"Time":"2019-04-16T09:02:55","Situation":"flat","Id":"62341197","Type":"market","Side":"sell","OrderTime":"2019-04-16T08:58:02","Price":163.00000000,"Amount":92.33292000},{"Time":"2019-04-16T09:02:55","Situation":"flat","Id":"62341209","Type":"market","Side":"sell","OrderTime":"2019-04-16T08:58:02","Price":163.00000000,"Amount":59.31151000},{"Time":"2019-04-16T09:02:55","Situation":"flat","Id":"62341212","Type":"market","Side":"sell","OrderTime":"2019-04-16T08:58:02","Price":163.00000000,"Amount":92.14320000},{"Time":"2019-04-16T09:02:55","Situation":"flat","Id":"62341237","Type":"market","Side":"sell","OrderTime":"2019-04-16T08:58:02","Price":163.00000000,"Amount":55.23300000},{"Time":"2019-04-16T09:02:55","Situation":"flat","Id":"62341257","Type":"market","Side":"sell","OrderTime":"2019-04-16T08:58:02","Price":163.00000000,"Amount":59.90925000},{"Time":"2019-04-16T09:02:55","Situation":"flat","Id":"62341293","Type":"market","Side":"buy","OrderTime":"2019-04-16T08:58:03","Price":163.01000000,"Amount":102.45875000},{"Time":"2019-04-16T09:02:55","Situation":"flat","Id":"62341295","Type":"market","Side":"sell","OrderTime":"2019-04-16T08:58:03","Price":163.00000000,"Amount":306.73906000},{"Time":"2019-04-16T09:02:55","Situation":"flat","Id":"62341298","Type":"market","Side":"sell","OrderTime":"2019-04-16T08:58:03","Price":163.00000000,"Amount":207.28850000},{"Time":"2019-04-16T09:02:55","Situation":"flat","Id":"62341515","Type":"market","Side":"sell","OrderTime":"2019-04-16T08:58:15","Price":163.00000000,"Amount":102.45776000},{"Time":"2019-04-16T09:02:55","Situation":"flat","Id":"62341520","Type":"market","Side":"sell","OrderTime":"2019-04-16T08:58:16","Price":163.00000000,"Amount":86.00000000},{"Time":"2019-04-16T09:02:55","Situation":"flat","Id":"62341537","Type":"market","Side":"sell","OrderTime":"2019-04-16T08:58:17","Price":163.00000000,"Amount":53.74539000},{"Time":"2019-04-16T09:02:55","Situation":"flat","Id":"62341540","Type":"market","Side":"sell","OrderTime":"2019-04-16T08:58:18","Price":163.00000000,"Amount":53.74539000},{"Time":"2019-04-16T09:02:55","Situation":"flat","Id":"62341702","Type":"market","Side":"sell","OrderTime":"2019-04-16T09:00:52","Price":163.00000000,"Amount":252.53334000},{"Time":"2019-04-16T09:07:55","Situation":"flat","Id":"62342049","Type":"market","Side":"buy","OrderTime":"2019-04-16T09:06:12","Price":163.19000000,"Amount":77.82896000},{"Time":"2019-04-16T09:23:05","Situation":"flat","Id":"62342581","Type":"market","Side":"buy","OrderTime":"2019-04-16T09:18:10","Price":163.20000000,"Amount":54.44510000},{"Time":"2019-04-16T09:23:05","Situation":"flat","Id":"62342582","Type":"market","Side":"buy","OrderTime":"2019-04-16T09:18:10","Price":163.20000000,"Amount":59.80037000},{"Time":"2019-04-16T09:23:05","Situation":"flat","Id":"62342725","Type":"market","Side":"buy","OrderTime":"2019-04-16T09:20:25","Price":163.40000000,"Amount":60.09968000},{"Time":"2019-04-16T09:23:05","Situation":"flat","Id":"62342759","Type":"market","Side":"buy","OrderTime":"2019-04-16T09:21:01","Price":163.40000000,"Amount":76.00000000},{"Time":"2019-04-16T09:48:13","Situation":"flat","Id":"62343502","Type":"market","Side":"buy","OrderTime":"2019-04-16T09:46:05","Price":163.40000000,"Amount":119.49127000},{"Time":"2019-04-16T09:53:14","Situation":"flat","Id":"62343701","Type":"market","Side":"sell","OrderTime":"2019-04-16T09:50:34","Price":163.67000000,"Amount":203.00000000},{"Time":"2019-04-16T09:53:14","Situation":"flat","Id":"62343806","Type":"market","Side":"sell","OrderTime":"2019-04-16T09:52:53","Price":163.62000000,"Amount":68.00000000},{"Time":"2019-04-16T10:03:18","Situation":"flat","Id":"62344025","Type":"market","Side":"buy","OrderTime":"2019-04-16T09:59:19","Price":163.31000000,"Amount":82.00000000},{"Time":"2019-04-16T10:03:18","Situation":"flat","Id":"62344273","Type":"market","Side":"sell","OrderTime":"2019-04-16T10:03:07","Price":163.01000000,"Amount":85.18197000},{"Time":"2019-04-16T10:08:19","Situation":"flat","Id":"62344330","Type":"market","Side":"sell","OrderTime":"2019-04-16T10:03:45","Price":163.00000000,"Amount":179.00000000},{"Time":"2019-04-16T10:08:19","Situation":"flat","Id":"62344331","Type":"market","Side":"sell","OrderTime":"2019-04-16T10:03:45","Price":163.00000000,"Amount":176.00000000},{"Time":"2019-04-16T10:08:19","Situation":"flat","Id":"62344341","Type":"market","Side":"sell","OrderTime":"2019-04-16T10:03:45","Price":163.00000000,"Amount":113.00000000},{"Time":"2019-04-16T10:08:19","Situation":"flat","Id":"62344342","Type":"market","Side":"sell","OrderTime":"2019-04-16T10:03:45","Price":163.00000000,"Amount":780.24062000},{"Time":"2019-04-16T11:03:36","Situation":"flat","Id":"62347053","Type":"market","Side":"sell","OrderTime":"2019-04-16T11:02:27","Price":161.98000000,"Amount":67.00000000},{"Time":"2019-04-16T11:13:43","Situation":"flat","Id":"62347315","Type":"market","Side":"buy","OrderTime":"2019-04-16T11:08:50","Price":161.89000000,"Amount":196.32851000},{"Time":"2019-04-16T11:23:45","Situation":"flat","Id":"62347917","Type":"market","Side":"sell","OrderTime":"2019-04-16T11:22:38","Price":162.30000000,"Amount":91.36520000},{"Time":"2019-04-16T11:54:00","Situation":"flat","Id":"62348908","Type":"market","Side":"sell","OrderTime":"2019-04-16T11:52:04","Price":161.89000000,"Amount":78.95079000},{"Time":"2019-04-16T11:59:05","Situation":"flat","Id":"62349014","Type":"market","Side":"buy","OrderTime":"2019-04-16T11:54:01","Price":162.00000000,"Amount":58.00000000},{"Time":"2019-04-16T12:14:08","Situation":"flat","Id":"62349692","Type":"market","Side":"buy","OrderTime":"2019-04-16T12:09:46","Price":162.38000000,"Amount":55.58300000},{"Time":"2019-04-16T12:29:13","Situation":"flat","Id":"62350533","Type":"market","Side":"sell","OrderTime":"2019-04-16T12:28:25","Price":161.56000000,"Amount":63.09389000},{"Time":"2019-04-16T12:34:16","Situation":"flat","Id":"62351164","Type":"market","Side":"sell","OrderTime":"2019-04-16T12:32:17","Price":161.46000000,"Amount":93.64690000},{"Time":"2019-04-16T12:59:26","Situation":"flat","Id":"62352245","Type":"market","Side":"sell","OrderTime":"2019-04-16T12:55:07","Price":161.43000000,"Amount":61.00000000}],"TradeDelta":[{"TimeFrom":"2019-04-16T00:03:53","TimeTo":"2019-04-16T00:08:56","Situation":"flat","Value":0.00000000},{"TimeFrom":"2019-04-16T00:08:56","TimeTo":"2019-04-16T00:13:58","Situation":"flat","Value":91.00000000},{"TimeFrom":"2019-04-16T00:13:58","TimeTo":"2019-04-16T00:19:05","Situation":"flat","Value":0.00000000},{"TimeFrom":"2019-04-16T00:19:05","TimeTo":"2019-04-16T00:24:07","Situation":"flat","Value":0.00000000},{"TimeFrom":"2019-04-16T00:24:07","TimeTo":"2019-04-16T00:28:43","Situation":"trend","Value":-104.43889000},{"TimeFrom":"2019-04-16T00:28:43","TimeTo":"2019-04-16T00:33:45","Situation":"flat","Value":-376.54899000},{"TimeFrom":"2019-04-16T00:33:45","TimeTo":"2019-04-16T00:38:46","Situation":"flat","Value":-59.23345000},{"TimeFrom":"2019-04-16T00:38:46","TimeTo":"2019-04-16T00:43:48","Situation":"flat","Value":0.00000000},{"TimeFrom":"2019-04-16T00:43:48","TimeTo":"2019-04-16T00:48:49","Situation":"flat","Value":0.00000000},{"TimeFrom":"2019-04-16T00:48:49","TimeTo":"2019-04-16T00:53:50","Situation":"flat","Value":0.00000000},{"TimeFrom":"2019-04-16T00:53:50","TimeTo":"2019-04-16T00:58:54","Situation":"flat","Value":-172.70207000},{"TimeFrom":"2019-04-16T00:58:54","TimeTo":"2019-04-16T01:03:56","Situation":"flat","Value":0.00000000},{"TimeFrom":"2019-04-16T01:03:56","TimeTo":"2019-04-16T01:09:00","Situation":"flat","Value":74.23730000},{"TimeFrom":"2019-04-16T01:09:00","TimeTo":"2019-04-16T01:14:00","Situation":"flat","Value":154.68290000},{"TimeFrom":"2019-04-16T01:14:00","TimeTo":"2019-04-16T01:19:00","Situation":"flat","Value":0.00000000},{"TimeFrom":"2019-04-16T01:19:00","TimeTo":"2019-04-16T01:24:00","Situation":"flat","Value":0.00000000},{"TimeFrom":"2019-04-16T01:24:00","TimeTo":"2019-04-16T01:29:00","Situation":"flat","Value":0.00000000},{"TimeFrom":"2019-04-16T01:29:00","TimeTo":"2019-04-16T01:34:06","Situation":"flat","Value":-219.96837000},{"TimeFrom":"2019-04-16T01:34:06","TimeTo":"2019-04-16T01:39:06","Situation":"flat","Value":0.00000000},{"TimeFrom":"2019-04-16T01:39:06","TimeTo":"2019-04-16T01:44:07","Situation":"flat","Value":0.00000000},{"TimeFrom":"2019-04-16T01:44:07","TimeTo":"2019-04-16T01:49:10","Situation":"flat","Value":0.00000000},{"TimeFrom":"2019-04-16T01:49:10","TimeTo":"2019-04-16T01:54:10","Situation":"flat","Value":0.00000000},{"TimeFrom":"2019-04-16T01:54:10","TimeTo":"2019-04-16T01:59:10","Situation":"flat","Value":0.00000000},{"TimeFrom":"2019-04-16T01:59:10","TimeTo":"2019-04-16T02:04:12","Situation":"flat","Value":0.00000000},{"TimeFrom":"2019-04-16T02:04:12","TimeTo":"2019-04-16T02:09:12","Situation":"flat","Value":0.00000000},{"TimeFrom":"2019-04-16T02:09:12","TimeTo":"2019-04-16T02:14:13","Situation":"flat","Value":0.00000000},{"TimeFrom":"2019-04-16T02:14:13","TimeTo":"2019-04-16T02:19:13","Situation":"flat","Value":0.00000000},{"TimeFrom":"2019-04-16T02:19:13","TimeTo":"2019-04-16T02:24:15","Situation":"flat","Value":73.89076000},{"TimeFrom":"2019-04-16T02:24:15","TimeTo":"2019-04-16T02:29:18","Situation":"flat","Value":0.00000000},{"TimeFrom":"2019-04-16T02:29:18","TimeTo":"2019-04-16T02:34:20","Situation":"flat","Value":0.00000000},{"TimeFrom":"2019-04-16T02:34:20","TimeTo":"2019-04-16T02:39:20","Situation":"flat","Value":-58.00343000},{"TimeFrom":"2019-04-16T02:39:20","TimeTo":"2019-04-16T02:44:20","Situation":"flat","Value":-54.52968000},{"TimeFrom":"2019-04-16T02:44:20","TimeTo":"2019-04-16T02:49:20","Situation":"flat","Value":0.00000000},{"TimeFrom":"2019-04-16T02:49:20","TimeTo":"2019-04-16T02:54:23","Situation":"flat","Value":-158.15815000},{"TimeFrom":"2019-04-16T02:54:23","TimeTo":"2019-04-16T02:59:26","Situation":"flat","Value":0.00000000},{"TimeFrom":"2019-04-16T02:59:26","TimeTo":"2019-04-16T03:04:30","Situation":"flat","Value":0.00000000},{"TimeFrom":"2019-04-16T03:04:30","TimeTo":"2019-04-16T03:09:34","Situation":"flat","Value":0.00000000},{"TimeFrom":"2019-04-16T03:09:34","TimeTo":"2019-04-16T03:14:34","Situation":"flat","Value":0.00000000},{"TimeFrom":"2019-04-16T03:14:34","TimeTo":"2019-04-16T03:19:36","Situation":"flat","Value":-60.78770000},{"TimeFrom":"2019-04-16T03:19:36","TimeTo":"2019-04-16T03:24:39","Situation":"flat","Value":0.00000000},{"TimeFrom":"2019-04-16T03:24:39","TimeTo":"2019-04-16T03:29:40","Situation":"flat","Value":0.00000000},{"TimeFrom":"2019-04-16T03:29:40","TimeTo":"2019-04-16T03:34:41","Situation":"flat","Value":0.00000000},{"TimeFrom":"2019-04-16T03:34:41","TimeTo":"2019-04-16T03:39:45","Situation":"flat","Value":0.00000000},{"TimeFrom":"2019-04-16T03:39:45","TimeTo":"2019-04-16T03:44:47","Situation":"flat","Value":0.00000000},{"TimeFrom":"2019-04-16T03:44:47","TimeTo":"2019-04-16T03:49:50","Situation":"flat","Value":0.00000000},{"TimeFrom":"2019-04-16T03:49:50","TimeTo":"2019-04-16T03:54:50","Situation":"flat","Value":122.00000000},{"TimeFrom":"2019-04-16T03:54:50","TimeTo":"2019-04-16T03:59:50","Situation":"flat","Value":0.00000000},{"TimeFrom":"2019-04-16T03:59:50","TimeTo":"2019-04-16T04:04:50","Situation":"flat","Value":0.00000000},{"TimeFrom":"2019-04-16T04:04:50","TimeTo":"2019-04-16T04:09:53","Situation":"flat","Value":0.00000000},{"TimeFrom":"2019-04-16T04:09:53","TimeTo":"2019-04-16T04:14:56","Situation":"flat","Value":9.79858000},{"TimeFrom":"2019-04-16T04:14:56","TimeTo":"2019-04-16T04:20:00","Situation":"flat","Value":0.00000000},{"TimeFrom":"2019-04-16T04:20:00","TimeTo":"2019-04-16T04:25:03","Situation":"flat","Value":0.00000000},{"TimeFrom":"2019-04-16T04:25:03","TimeTo":"2019-04-16T04:30:05","Situation":"flat","Value":50.00000000},{"TimeFrom":"2019-04-16T04:30:05","TimeTo":"2019-04-16T04:35:08","Situation":"flat","Value":0.00000000},{"TimeFrom":"2019-04-16T04:35:08","TimeTo":"2019-04-16T04:40:11","Situation":"flat","Value":-75.00000000},{"TimeFrom":"2019-04-16T04:40:11","TimeTo":"2019-04-16T04:45:15","Situation":"flat","Value":-50.00000000},{"TimeFrom":"2019-04-16T04:45:15","TimeTo":"2019-04-16T04:50:16","Situation":"flat","Value":0.00000000},{"TimeFrom":"2019-04-16T04:50:16","TimeTo":"2019-04-16T04:55:20","Situation":"flat","Value":-153.05543000},{"TimeFrom":"2019-04-16T04:55:20","TimeTo":"2019-04-16T05:00:20","Situation":"flat","Value":53.68617000},{"TimeFrom":"2019-04-16T05:00:20","TimeTo":"2019-04-16T05:05:21","Situation":"flat","Value":56.60363000},{"TimeFrom":"2019-04-16T05:05:21","TimeTo":"2019-04-16T05:10:25","Situation":"flat","Value":58.00000000},{"TimeFrom":"2019-04-16T05:10:25","TimeTo":"2019-04-16T05:15:26","Situation":"flat","Value":0.00000000},{"TimeFrom":"2019-04-16T05:15:26","TimeTo":"2019-04-16T05:20:29","Situation":"flat","Value":-69.07096000},{"TimeFrom":"2019-04-16T05:20:29","TimeTo":"2019-04-16T05:24:39","Situation":"trend","Value":0.00000000},{"TimeFrom":"2019-04-16T05:24:39","TimeTo":"2019-04-16T05:27:00","Situation":"trend","Value":6.30110000},{"TimeFrom":"2019-04-16T05:27:00","TimeTo":"2019-04-16T05:31:23","Situation":"trend","Value":-651.86619000},{"TimeFrom":"2019-04-16T05:31:23","TimeTo":"2019-04-16T05:36:26","Situation":"flat","Value":-175.00000000},{"TimeFrom":"2019-04-16T05:36:26","TimeTo":"2019-04-16T05:41:30","Situation":"flat","Value":-94.01495000},{"TimeFrom":"2019-04-16T05:41:30","TimeTo":"2019-04-16T05:46:32","Situation":"flat","Value":0.00000000},{"TimeFrom":"2019-04-16T05:46:32","TimeTo":"2019-04-16T05:51:36","Situation":"flat","Value":0.00000000},{"TimeFrom":"2019-04-16T05:51:36","TimeTo":"2019-04-16T05:56:40","Situation":"flat","Value":56.38671000},{"TimeFrom":"2019-04-16T05:56:40","TimeTo":"2019-04-16T06:01:44","Situation":"flat","Value":0.00000000},{"TimeFrom":"2019-04-16T06:01:44","TimeTo":"2019-04-16T06:06:48","Situation":"flat","Value":0.00000000},{"TimeFrom":"2019-04-16T06:06:48","TimeTo":"2019-04-16T06:11:50","Situation":"flat","Value":0.00000000},{"TimeFrom":"2019-04-16T06:11:50","TimeTo":"2019-04-16T06:16:50","Situation":"flat","Value":0.00000000},{"TimeFrom":"2019-04-16T06:16:50","TimeTo":"2019-04-16T06:21:50","Situation":"flat","Value":60.86289000},{"TimeFrom":"2019-04-16T06:21:50","TimeTo":"2019-04-16T06:26:51","Situation":"flat","Value":-83.00000000},{"TimeFrom":"2019-04-16T06:26:51","TimeTo":"2019-04-16T06:31:54","Situation":"flat","Value":0.00000000},{"TimeFrom":"2019-04-16T06:31:54","TimeTo":"2019-04-16T06:36:56","Situation":"flat","Value":0.00000000},{"TimeFrom":"2019-04-16T06:36:56","TimeTo":"2019-04-16T06:42:00","Situation":"flat","Value":0.00000000},{"TimeFrom":"2019-04-16T06:42:00","TimeTo":"2019-04-16T06:47:06","Situation":"flat","Value":0.00000000},{"TimeFrom":"2019-04-16T06:47:06","TimeTo":"2019-04-16T06:52:06","Situation":"flat","Value":0.00000000},{"TimeFrom":"2019-04-16T06:52:06","TimeTo":"2019-04-16T06:57:10","Situation":"flat","Value":0.00000000},{"TimeFrom":"2019-04-16T06:57:10","TimeTo":"2019-04-16T07:02:10","Situation":"flat","Value":-88.00000000},{"TimeFrom":"2019-04-16T07:02:10","TimeTo":"2019-04-16T07:07:10","Situation":"flat","Value":0.00000000},{"TimeFrom":"2019-04-16T07:07:10","TimeTo":"2019-04-16T07:12:10","Situation":"flat","Value":0.00000000},{"TimeFrom":"2019-04-16T07:12:10","TimeTo":"2019-04-16T07:17:10","Situation":"flat","Value":0.00000000},{"TimeFrom":"2019-04-16T07:17:10","TimeTo":"2019-04-16T07:22:13","Situation":"flat","Value":57.69077000},{"TimeFrom":"2019-04-16T07:22:13","TimeTo":"2019-04-16T07:27:16","Situation":"flat","Value":53.00000000},{"TimeFrom":"2019-04-16T07:27:16","TimeTo":"2019-04-16T07:32:17","Situation":"flat","Value":0.00000000},{"TimeFrom":"2019-04-16T07:32:17","TimeTo":"2019-04-16T07:37:18","Situation":"flat","Value":0.00000000},{"TimeFrom":"2019-04-16T07:37:18","TimeTo":"2019-04-16T07:42:21","Situation":"flat","Value":68.42541000},{"TimeFrom":"2019-04-16T07:42:21","TimeTo":"2019-04-16T07:47:26","Situation":"flat","Value":0.00000000},{"TimeFrom":"2019-04-16T07:47:26","TimeTo":"2019-04-16T07:52:28","Situation":"flat","Value":570.04369000},{"TimeFrom":"2019-04-16T07:52:28","TimeTo":"2019-04-16T07:57:29","Situation":"flat","Value":-92.47158000},{"TimeFrom":"2019-04-16T07:57:29","TimeTo":"2019-04-16T08:02:32","Situation":"flat","Value":0.00000000},{"TimeFrom":"2019-04-16T08:02:32","TimeTo":"2019-04-16T08:07:35","Situation":"flat","Value":380.00000000},{"TimeFrom":"2019-04-16T08:07:35","TimeTo":"2019-04-16T08:12:35","Situation":"flat","Value":145.83180000},{"TimeFrom":"2019-04-16T08:12:35","TimeTo":"2019-04-16T08:17:38","Situation":"flat","Value":-946.82474000},{"TimeFrom":"2019-04-16T08:17:38","TimeTo":"2019-04-16T08:22:40","Situation":"flat","Value":0.00000000},{"TimeFrom":"2019-04-16T08:22:40","TimeTo":"2019-04-16T08:27:43","Situation":"flat","Value":0.00000000},{"TimeFrom":"2019-04-16T08:27:43","TimeTo":"2019-04-16T08:32:45","Situation":"flat","Value":0.00000000},{"TimeFrom":"2019-04-16T08:32:45","TimeTo":"2019-04-16T08:37:45","Situation":"flat","Value":201.22658000},{"TimeFrom":"2019-04-16T08:37:45","TimeTo":"2019-04-16T08:42:47","Situation":"flat","Value":0.00000000},{"TimeFrom":"2019-04-16T08:42:47","TimeTo":"2019-04-16T08:47:47","Situation":"flat","Value":0.00000000},{"TimeFrom":"2019-04-16T08:47:47","TimeTo":"2019-04-16T08:52:50","Situation":"flat","Value":-63.62276000},{"TimeFrom":"2019-04-16T08:52:50","TimeTo":"2019-04-16T08:57:53","Situation":"flat","Value":0.00000000},{"TimeFrom":"2019-04-16T08:57:53","TimeTo":"2019-04-16T09:02:55","Situation":"flat","Value":-2583.24766000},{"TimeFrom":"2019-04-16T09:02:55","TimeTo":"2019-04-16T09:07:55","Situation":"flat","Value":77.82896000},{"TimeFrom":"2019-04-16T09:07:55","TimeTo":"2019-04-16T09:12:56","Situation":"flat","Value":0.00000000},{"TimeFrom":"2019-04-16T09:12:56","TimeTo":"2019-04-16T09:18:00","Situation":"flat","Value":0.00000000},{"TimeFrom":"2019-04-16T09:18:00","TimeTo":"2019-04-16T09:23:05","Situation":"flat","Value":250.34515000},{"TimeFrom":"2019-04-16T09:23:05","TimeTo":"2019-04-16T09:28:06","Situation":"flat","Value":0.00000000},{"TimeFrom":"2019-04-16T09:28:06","TimeTo":"2019-04-16T09:33:10","Situation":"flat","Value":0.00000000},{"TimeFrom":"2019-04-16T09:33:10","TimeTo":"2019-04-16T09:38:10","Situation":"flat","Value":0.00000000},{"TimeFrom":"2019-04-16T09:38:10","TimeTo":"2019-04-16T09:43:10","Situation":"flat","Value":0.00000000},{"TimeFrom":"2019-04-16T09:43:10","TimeTo":"2019-04-16T09:48:13","Situation":"flat","Value":119.49127000},{"TimeFrom":"2019-04-16T09:48:13","TimeTo":"2019-04-16T09:53:14","Situation":"flat","Value":-271.00000000},{"TimeFrom":"2019-04-16T09:53:14","TimeTo":"2019-04-16T09:58:16","Situation":"flat","Value":0.00000000},{"TimeFrom":"2019-04-16T09:58:16","TimeTo":"2019-04-16T10:03:18","Situation":"flat","Value":-3.18197000},{"TimeFrom":"2019-04-16T10:03:18","TimeTo":"2019-04-16T10:08:19","Situation":"flat","Value":-1248.24062000},{"TimeFrom":"2019-04-16T10:08:19","TimeTo":"2019-04-16T10:13:20","Situation":"flat","Value":0.00000000},{"TimeFrom":"2019-04-16T10:13:20","TimeTo":"2019-04-16T10:18:20","Situation":"flat","Value":0.00000000},{"TimeFrom":"2019-04-16T10:18:20","TimeTo":"2019-04-16T10:23:20","Situation":"flat","Value":0.00000000},{"TimeFrom":"2019-04-16T10:23:20","TimeTo":"2019-04-16T10:28:24","Situation":"flat","Value":0.00000000},{"TimeFrom":"2019-04-16T10:28:24","TimeTo":"2019-04-16T10:33:26","Situation":"flat","Value":0.00000000},{"TimeFrom":"2019-04-16T10:33:26","TimeTo":"2019-04-16T10:38:30","Situation":"flat","Value":0.00000000},{"TimeFrom":"2019-04-16T10:38:30","TimeTo":"2019-04-16T10:43:30","Situation":"flat","Value":0.00000000},{"TimeFrom":"2019-04-16T10:43:30","TimeTo":"2019-04-16T10:48:30","Situation":"flat","Value":0.00000000},{"TimeFrom":"2019-04-16T10:48:30","TimeTo":"2019-04-16T10:53:30","Situation":"flat","Value":0.00000000},{"TimeFrom":"2019-04-16T10:53:30","TimeTo":"2019-04-16T10:58:34","Situation":"flat","Value":0.00000000},{"TimeFrom":"2019-04-16T10:58:34","TimeTo":"2019-04-16T11:03:36","Situation":"flat","Value":-67.00000000},{"TimeFrom":"2019-04-16T11:03:36","TimeTo":"2019-04-16T11:08:40","Situation":"flat","Value":0.00000000},{"TimeFrom":"2019-04-16T11:08:40","TimeTo":"2019-04-16T11:13:43","Situation":"flat","Value":196.32851000},{"TimeFrom":"2019-04-16T11:13:43","TimeTo":"2019-04-16T11:18:45","Situation":"flat","Value":0.00000000},{"TimeFrom":"2019-04-16T11:18:45","TimeTo":"2019-04-16T11:23:45","Situation":"flat","Value":-91.36520000},{"TimeFrom":"2019-04-16T11:23:45","TimeTo":"2019-04-16T11:28:47","Situation":"flat","Value":0.00000000},{"TimeFrom":"2019-04-16T11:28:47","TimeTo":"2019-04-16T11:33:50","Situation":"flat","Value":0.00000000},{"TimeFrom":"2019-04-16T11:33:50","TimeTo":"2019-04-16T11:38:52","Situation":"flat","Value":0.00000000},{"TimeFrom":"2019-04-16T11:38:52","TimeTo":"2019-04-16T11:43:55","Situation":"flat","Value":0.00000000},{"TimeFrom":"2019-04-16T11:43:55","TimeTo":"2019-04-16T11:48:56","Situation":"flat","Value":0.00000000},{"TimeFrom":"2019-04-16T11:48:56","TimeTo":"2019-04-16T11:54:00","Situation":"flat","Value":-78.95079000},{"TimeFrom":"2019-04-16T11:54:00","TimeTo":"2019-04-16T11:59:05","Situation":"flat","Value":58.00000000},{"TimeFrom":"2019-04-16T11:59:05","TimeTo":"2019-04-16T12:04:05","Situation":"flat","Value":0.00000000},{"TimeFrom":"2019-04-16T12:04:05","TimeTo":"2019-04-16T12:09:05","Situation":"flat","Value":0.00000000},{"TimeFrom":"2019-04-16T12:09:05","TimeTo":"2019-04-16T12:14:08","Situation":"flat","Value":55.58300000},{"TimeFrom":"2019-04-16T12:14:08","TimeTo":"2019-04-16T12:19:10","Situation":"flat","Value":0.00000000},{"TimeFrom":"2019-04-16T12:19:10","TimeTo":"2019-04-16T12:24:10","Situation":"flat","Value":0.00000000},{"TimeFrom":"2019-04-16T12:24:10","TimeTo":"2019-04-16T12:29:13","Situation":"flat","Value":-63.09389000},{"TimeFrom":"2019-04-16T12:29:13","TimeTo":"2019-04-16T12:34:16","Situation":"flat","Value":-93.64690000},{"TimeFrom":"2019-04-16T12:34:16","TimeTo":"2019-04-16T12:39:18","Situation":"flat","Value":0.00000000},{"TimeFrom":"2019-04-16T12:39:18","TimeTo":"2019-04-16T12:44:20","Situation":"flat","Value":0.00000000},{"TimeFrom":"2019-04-16T12:44:20","TimeTo":"2019-04-16T12:49:21","Situation":"flat","Value":0.00000000},{"TimeFrom":"2019-04-16T12:49:21","TimeTo":"2019-04-16T12:54:23","Situation":"flat","Value":0.00000000},{"TimeFrom":"2019-04-16T12:54:23","TimeTo":"2019-04-16T12:59:26","Situation":"flat","Value":-61.00000000}]}
