{"OrderBookAsks":[{"Time":"2019-04-01T04:38:42","Situation":"flat","Type":"ask","Price":0.02356000,"Amount":5601575.20000000,"Done":false},{"Time":"2019-04-01T04:43:46","Situation":"flat","Type":"ask","Price":0.02356000,"Amount":5602345.60000000,"Done":false},{"Time":"2019-04-01T04:48:46","Situation":"flat","Type":"ask","Price":0.02356000,"Amount":5677040.20000000,"Done":false},{"Time":"2019-04-01T04:53:48","Situation":"flat","Type":"ask","Price":0.02356000,"Amount":5698884.70000000,"Done":false},{"Time":"2019-04-01T04:58:50","Situation":"flat","Type":"ask","Price":0.02356000,"Amount":5661920.60000000,"Done":false},{"Time":"2019-04-01T05:03:51","Situation":"flat","Type":"ask","Price":0.02356000,"Amount":5696942.90000000,"Done":false},{"Time":"2019-04-01T05:08:55","Situation":"flat","Type":"ask","Price":0.02356000,"Amount":5612465.20000000,"Done":false},{"Time":"2019-04-01T05:13:59","Situation":"flat","Type":"ask","Price":0.02356000,"Amount":5592610.00000000,"Done":false},{"Time":"2019-04-01T05:19:05","Situation":"flat","Type":"ask","Price":0.02356000,"Amount":5616391.40000000,"Done":false},{"Time":"2019-04-01T05:24:07","Situation":"flat","Type":"ask","Price":0.02356000,"Amount":5736391.20000000,"Done":false},{"Time":"2019-04-01T05:29:10","Situation":"flat","Type":"ask","Price":0.02356000,"Amount":5616391.40000000,"Done":false},{"Time":"2019-04-01T05:34:11","Situation":"flat","Type":"ask","Price":0.02356000,"Amount":5616391.40000000,"Done":false},{"Time":"2019-04-01T05:39:15","Situation":"flat","Type":"ask","Price":0.02356000,"Amount":5616391.40000000,"Done":false},{"Time":"2019-04-01T05:44:16","Situation":"flat","Type":"ask","Price":0.02356000,"Amount":5716391.30000000,"Done":false},{"Time":"2019-04-01T05:49:20","Situation":"flat","Type":"ask","Price":0.02356000,"Amount":5716391.30000000,"Done":false},{"Time":"2019-04-01T05:54:23","Situation":"flat","Type":"ask","Price":0.02356000,"Amount":5847124.10000000,"Done":false},{"Time":"2019-04-01T05:59:26","Situation":"flat","Type":"ask","Price":0.02356000,"Amount":5815969.10000000,"Done":false},{"Time":"2019-04-01T06:04:26","Situation":"flat","Type":"ask","Price":0.02356000,"Amount":5600227.40000000,"Done":false},{"Time":"2019-04-01T06:09:27","Situation":"flat","Type":"ask","Price":0.02356000,"Amount":5697248.40000000,"Done":false},{"Time":"2019-04-01T06:14:30","Situation":"flat","Type":"ask","Price":0.02356000,"Amount":5697248.40000000,"Done":false},{"Time":"2019-04-01T06:19:32","Situation":"flat","Type":"ask","Price":0.02356000,"Amount":5752698.90000000,"Done":false},{"Time":"2019-04-01T06:24:32","Situation":"flat","Type":"ask","Price":0.02356000,"Amount":5758682.10000000,"Done":false},{"Time":"2019-04-01T06:29:33","Situation":"flat","Type":"ask","Price":0.02356000,"Amount":5605969.40000000,"Done":false},{"Time":"2019-04-01T06:34:35","Situation":"flat","Type":"ask","Price":0.02356000,"Amount":4983621.20000000,"Done":false},{"Time":"2019-04-02T02:19:30","Situation":"trend","Type":"ask","Price":0.02700000,"Amount":7591986.80000000,"Done":false},{"Time":"2019-04-02T02:22:20","Situation":"trend","Type":"ask","Price":0.02700000,"Amount":7596623.80000000,"Done":false},{"Time":"2019-04-02T02:23:30","Situation":"trend","Type":"ask","Price":0.02700000,"Amount":7596623.80000000,"Done":false},{"Time":"2019-04-02T02:24:00","Situation":"trend","Type":"ask","Price":0.02700000,"Amount":7596623.80000000,"Done":false},{"Time":"2019-04-02T02:24:15","Situation":"trend","Type":"ask","Price":0.02700000,"Amount":7596623.80000000,"Done":false},{"Time":"2019-04-02T02:24:35","Situation":"trend","Type":"ask","Price":0.02700000,"Amount":7596623.80000000,"Done":false},{"Time":"2019-04-02T02:27:50","Situation":"trend","Type":"ask","Price":0.02700000,"Amount":7710721.20000000,"Done":false},{"Time":"2019-04-02T02:30:50","Situation":"trend","Type":"ask","Price":0.02578000,"Amount":6798338.50000000,"Done":false},{"Time":"2019-04-02T02:33:09","Situation":"trend","Type":"ask","Price":0.02578000,"Amount":6793865.20000000,"Done":false},{"Time":"2019-04-02T02:33:09","Situation":"trend","Type":"ask","Price":0.02608000,"Amount":5062911.00000000,"Done":false},{"Time":"2019-04-02T02:35:04","Situation":"trend","Type":"ask","Price":0.02578000,"Amount":6793865.20000000,"Done":false},{"Time":"2019-04-02T02:40:06","Situation":"flat","Type":"ask","Price":0.02578000,"Amount":6793865.20000000,"Done":false},{"Time":"2019-04-02T02:44:59","Situation":"trend","Type":"ask","Price":0.02578000,"Amount":6812380.30000000,"Done":false},{"Time":"2019-04-02T03:20:54","Situation":"trend","Type":"ask","Price":0.02700000,"Amount":7597163.90000000,"Done":false},{"Time":"2019-04-02T03:22:20","Situation":"trend","Type":"ask","Price":0.02700000,"Amount":7597163.90000000,"Done":false},{"Time":"2019-04-02T03:23:50","Situation":"trend","Type":"ask","Price":0.02700000,"Amount":7597163.90000000,"Done":false},{"Time":"2019-04-02T03:26:15","Situation":"trend","Type":"ask","Price":0.02700000,"Amount":7226596.10000000,"Done":false},{"Time":"2019-04-02T03:31:18","Situation":"flat","Type":"ask","Price":0.02700000,"Amount":7189835.40000000,"Done":false},{"Time":"2019-04-02T03:36:20","Situation":"flat","Type":"ask","Price":0.02700000,"Amount":7172423.00000000,"Done":false},{"Time":"2019-04-02T03:40:34","Situation":"trend","Type":"ask","Price":0.02700000,"Amount":7172423.00000000,"Done":true},{"Time":"2019-04-02T04:24:39","Situation":"trend","Type":"ask","Price":0.02700000,"Amount":7478361.50000000,"Done":false},{"Time":"2019-04-02T04:32:19","Situation":"trend","Type":"ask","Price":0.02700000,"Amount":7420996.90000000,"Done":false},{"Time":"2019-04-02T04:33:10","Situation":"trend","Type":"ask","Price":0.02700000,"Amount":7420996.90000000,"Done":false},{"Time":"2019-04-02T04:35:00","Situation":"trend","Type":"ask","Price":0.02700000,"Amount":7416441.90000000,"Done":false},{"Time":"2019-04-02T04:36:45","Situation":"trend","Type":"ask","Price":0.02700000,"Amount":7435478.70000000,"Done":false},{"Time":"2019-04-02T04:38:10","Situation":"trend","Type":"ask","Price":0.02700000,"Amount":7247108.60000000,"Done":false},{"Time":"2019-04-02T04:39:14","Situation":"trend","Type":"ask","Price":0.02700000,"Amount":7247108.60000000,"Done":false},{"Time":"2019-04-02T04:41:57","Situation":"trend","Type":"ask","Price":0.02700000,"Amount":7098796.40000000,"Done":false},{"Time":"2019-04-02T04:44:15","Situation":"trend","Type":"ask","Price":0.02700000,"Amount":7098796.40000000,"Done":false},{"Time":"2019-04-02T04:46:14","Situation":"trend","Type":"ask","Price":0.02700000,"Amount":7104041.10000000,"Done":false},{"Time":"2019-04-02T04:49:39","Situation":"trend","Type":"ask","Price":0.02700000,"Amount":7097178.10000000,"Done":false},{"Time":"2019-04-02T04:50:05","Situation":"trend","Type":"ask","Price":0.02700000,"Amount":7097178.10000000,"Done":false},{"Time":"2019-04-02T04:50:40","Situation":"trend","Type":"ask","Price":0.02700000,"Amount":7097178.10000000,"Done":false},{"Time":"2019-04-02T04:51:45","Situation":"trend","Type":"ask","Price":0.02700000,"Amount":7097178.10000000,"Done":false},{"Time":"2019-04-02T04:53:44","Situation":"trend","Type":"ask","Price":0.02700000,"Amount":7101996.40000000,"Done":false},{"Time":"2019-04-02T04:55:34","Situation":"trend","Type":"ask","Price":0.02700000,"Amount":7094858.70000000,"Done":false},{"Time":"2019-04-02T04:56:19","Situation":"trend","Type":"ask","Price":0.02700000,"Amount":7094858.70000000,"Done":false},{"Time":"2019-04-02T04:56:49","Situation":"trend","Type":"ask","Price":0.02700000,"Amount":7094484.50000000,"Done":false},{"Time":"2019-04-02T04:57:04","Situation":"trend","Type":"ask","Price":0.02700000,"Amount":7094484.50000000,"Done":false},{"Time":"2019-04-02T04:57:29","Situation":"trend","Type":"ask","Price":0.02700000,"Amount":7094484.50000000,"Done":false},{"Time":"2019-04-02T04:59:45","Situation":"trend","Type":"ask","Price":0.02700000,"Amount":7089441.00000000,"Done":false},{"Time":"2019-04-02T05:00:55","Situation":"trend","Type":"ask","Price":0.02700000,"Amount":7089441.00000000,"Done":false},{"Time":"2019-04-02T05:01:45","Situation":"trend","Type":"ask","Price":0.02700000,"Amount":6964750.40000000,"Done":false},{"Time":"2019-04-02T05:02:55","Situation":"trend","Type":"ask","Price":0.02700000,"Amount":6972292.80000000,"Done":false},{"Time":"2019-04-02T05:03:25","Situation":"trend","Type":"ask","Price":0.02700000,"Amount":6964750.40000000,"Done":false},{"Time":"2019-04-02T05:03:55","Situation":"trend","Type":"ask","Price":0.02700000,"Amount":6964750.40000000,"Done":false},{"Time":"2019-04-02T05:04:15","Situation":"trend","Type":"ask","Price":0.02700000,"Amount":6964750.40000000,"Done":false},{"Time":"2019-04-02T05:05:40","Situation":"trend","Type":"ask","Price":0.02700000,"Amount":6927944.20000000,"Done":false},{"Time":"2019-04-02T05:06:27","Situation":"trend","Type":"ask","Price":0.02700000,"Amount":6935351.60000000,"Done":false},{"Time":"2019-04-02T05:08:15","Situation":"trend","Type":"ask","Price":0.02569000,"Amount":6113603.70000000,"Done":false},{"Time":"2019-04-02T05:08:15","Situation":"trend","Type":"ask","Price":0.02584000,"Amount":10086310.60000000,"Done":false},{"Time":"2019-04-02T05:10:10","Situation":"trend","Type":"ask","Price":0.02700000,"Amount":6935351.60000000,"Done":false},{"Time":"2019-04-02T05:10:30","Situation":"trend","Type":"ask","Price":0.02700000,"Amount":6935351.60000000,"Done":false},{"Time":"2019-04-02T05:13:10","Situation":"trend","Type":"ask","Price":0.02700000,"Amount":6935351.60000000,"Done":false},{"Time":"2019-04-02T05:14:45","Situation":"trend","Type":"ask","Price":0.02700000,"Amount":6953541.30000000,"Done":false},{"Time":"2019-04-02T05:17:19","Situation":"trend","Type":"ask","Price":0.02700000,"Amount":7004600.00000000,"Done":false},{"Time":"2019-04-02T05:18:40","Situation":"trend","Type":"ask","Price":0.02700000,"Amount":7004600.00000000,"Done":false},{"Time":"2019-04-02T05:20:15","Situation":"trend","Type":"ask","Price":0.02700000,"Amount":7004600.00000000,"Done":false},{"Time":"2019-04-02T05:21:11","Situation":"trend","Type":"ask","Price":0.02700000,"Amount":6997192.60000000,"Done":false},{"Time":"2019-04-02T05:23:30","Situation":"trend","Type":"ask","Price":0.02700000,"Amount":6997192.60000000,"Done":false},{"Time":"2019-04-02T05:24:00","Situation":"trend","Type":"ask","Price":0.02700000,"Amount":6997192.60000000,"Done":false},{"Time":"2019-04-02T05:24:49","Situation":"trend","Type":"ask","Price":0.02700000,"Amount":6997192.60000000,"Done":false},{"Time":"2019-04-02T05:25:34","Situation":"trend","Type":"ask","Price":0.02700000,"Amount":6997192.60000000,"Done":false},{"Time":"2019-04-02T05:25:54","Situation":"trend","Type":"ask","Price":0.02700000,"Amount":6997192.60000000,"Done":false},{"Time":"2019-04-02T05:27:24","Situation":"trend","Type":"ask","Price":0.02700000,"Amount":6997192.60000000,"Done":false},{"Time":"2019-04-02T05:29:59","Situation":"trend","Type":"ask","Price":0.02700000,"Amount":6997192.60000000,"Done":false},{"Time":"2019-04-02T05:32:34","Situation":"trend","Type":"ask","Price":0.02700000,"Amount":7010983.40000000,"Done":false},{"Time":"2019-04-02T06:11:19","Situation":"trend","Type":"ask","Price":0.02700000,"Amount":5215234.60000000,"Done":false},{"Time":"2019-04-02T06:13:59","Situation":"trend","Type":"ask","Price":0.02700000,"Amount":5211984.50000000,"Done":false},{"Time":"2019-04-02T06:17:49","Situation":"trend","Type":"ask","Price":0.02700000,"Amount":5211984.50000000,"Done":false},{"Time":"2019-04-02T06:22:05","Situation":"trend","Type":"ask","Price":0.02700000,"Amount":5211984.50000000,"Done":false},{"Time":"2019-04-02T06:26:48","Situation":"trend","Type":"ask","Price":0.02700000,"Amount":5232791.90000000,"Done":false},{"Time":"2019-04-02T06:31:49","Situation":"flat","Type":"ask","Price":0.02700000,"Amount":5227341.40000000,"Done":false},{"Time":"2019-04-02T06:34:39","Situation":"trend","Type":"ask","Price":0.02700000,"Amount":5301415.40000000,"Done":false},{"Time":"2019-04-02T06:39:39","Situation":"flat","Type":"ask","Price":0.02700000,"Amount":5300415.40000000,"Done":false},{"Time":"2019-04-02T06:40:39","Situation":"trend","Type":"ask","Price":0.02700000,"Amount":5300415.40000000,"Done":false},{"Time":"2019-04-02T06:45:39","Situation":"flat","Type":"ask","Price":0.02700000,"Amount":5278173.10000000,"Done":false},{"Time":"2019-04-02T06:50:40","Situation":"flat","Type":"ask","Price":0.02700000,"Amount":5285370.00000000,"Done":false},{"Time":"2019-04-02T06:53:40","Situation":"trend","Type":"ask","Price":0.02700000,"Amount":5286357.40000000,"Done":false},{"Time":"2019-04-02T06:57:00","Situation":"trend","Type":"ask","Price":0.02700000,"Amount":5277600.50000000,"Done":false},{"Time":"2019-04-02T07:02:04","Situation":"flat","Type":"ask","Price":0.02700000,"Amount":5277600.50000000,"Done":false},{"Time":"2019-04-02T07:09:00","Situation":"trend","Type":"ask","Price":0.02700000,"Amount":5277600.50000000,"Done":true},{"Time":"2019-04-03T00:48:24","Situation":"trend","Type":"ask","Price":0.03000000,"Amount":9955748.10000000,"Done":false},{"Time":"2019-04-03T00:49:04","Situation":"trend","Type":"ask","Price":0.03000000,"Amount":9955748.10000000,"Done":false},{"Time":"2019-04-03T00:49:23","Situation":"trend","Type":"ask","Price":0.03000000,"Amount":10349750.30000000,"Done":false},{"Time":"2019-04-03T02:36:35","Situation":"trend","Type":"ask","Price":0.03000000,"Amount":10512616.40000000,"Done":false},{"Time":"2019-04-03T02:39:20","Situation":"trend","Type":"ask","Price":0.03000000,"Amount":10449047.70000000,"Done":false},{"Time":"2019-04-03T02:44:23","Situation":"flat","Type":"ask","Price":0.03000000,"Amount":10914177.80000000,"Done":false},{"Time":"2019-04-03T02:48:09","Situation":"trend","Type":"ask","Price":0.03000000,"Amount":10916142.50000000,"Done":false},{"Time":"2019-04-03T02:51:04","Situation":"trend","Type":"ask","Price":0.03000000,"Amount":10909693.00000000,"Done":false},{"Time":"2019-04-03T02:53:24","Situation":"trend","Type":"ask","Price":0.03000000,"Amount":10981818.60000000,"Done":false},{"Time":"2019-04-03T02:54:09","Situation":"trend","Type":"ask","Price":0.03000000,"Amount":10982613.60000000,"Done":false},{"Time":"2019-04-03T04:42:59","Situation":"trend","Type":"ask","Price":0.02800000,"Amount":4975899.90000000,"Done":false},{"Time":"2019-04-03T04:43:15","Situation":"trend","Type":"ask","Price":0.02800000,"Amount":4975899.90000000,"Done":false},{"Time":"2019-04-03T16:24:06","Situation":"flat","Type":"ask","Price":0.02830000,"Amount":6765514.60000000,"Done":false},{"Time":"2019-04-03T16:27:15","Situation":"trend","Type":"ask","Price":0.02830000,"Amount":6794130.20000000,"Done":false},{"Time":"2019-04-03T16:32:16","Situation":"flat","Type":"ask","Price":0.02815000,"Amount":4942273.70000000,"Done":false},{"Time":"2019-04-03T16:37:20","Situation":"flat","Type":"ask","Price":0.02815000,"Amount":4962652.10000000,"Done":false},{"Time":"2019-04-04T16:51:11","Situation":"flat","Type":"ask","Price":0.02538000,"Amount":5203377.50000000,"Done":false},{"Time":"2019-04-04T16:54:29","Situation":"trend","Type":"ask","Price":0.02538000,"Amount":5180400.90000000,"Done":false},{"Time":"2019-04-04T16:59:29","Situation":"flat","Type":"ask","Price":0.02538000,"Amount":5192281.90000000,"Done":false},{"Time":"2019-04-04T17:00:54","Situation":"trend","Type":"ask","Price":0.02538000,"Amount":5180400.90000000,"Done":false},{"Time":"2019-04-04T17:04:35","Situation":"trend","Type":"ask","Price":0.02538000,"Amount":5192281.90000000,"Done":true},{"Time":"2019-04-05T08:29:10","Situation":"flat","Type":"ask","Price":0.02730000,"Amount":9628710.30000000,"Done":false},{"Time":"2019-04-05T08:34:14","Situation":"flat","Type":"ask","Price":0.02723000,"Amount":9525374.20000000,"Done":false},{"Time":"2019-04-05T10:43:05","Situation":"trend","Type":"ask","Price":0.02700000,"Amount":6742983.30000000,"Done":false},{"Time":"2019-04-05T10:48:08","Situation":"flat","Type":"ask","Price":0.02700000,"Amount":6218288.80000000,"Done":false},{"Time":"2019-04-05T10:53:09","Situation":"flat","Type":"ask","Price":0.02700000,"Amount":6224283.70000000,"Done":false},{"Time":"2019-04-05T11:03:15","Situation":"flat","Type":"ask","Price":0.02693000,"Amount":4605862.10000000,"Done":false},{"Time":"2019-04-05T13:52:30","Situation":"trend","Type":"ask","Price":0.02680000,"Amount":4669033.30000000,"Done":false},{"Time":"2019-04-05T13:56:10","Situation":"trend","Type":"ask","Price":0.02680000,"Amount":4563063.40000000,"Done":false},{"Time":"2019-04-07T06:55:24","Situation":"trend","Type":"ask","Price":0.03000000,"Amount":5269256.60000000,"Done":false},{"Time":"2019-04-07T06:56:24","Situation":"trend","Type":"ask","Price":0.03000000,"Amount":5340145.90000000,"Done":false},{"Time":"2019-04-07T06:57:04","Situation":"trend","Type":"ask","Price":0.03000000,"Amount":5655200.90000000,"Done":false},{"Time":"2019-04-07T06:57:24","Situation":"trend","Type":"ask","Price":0.03000000,"Amount":5655200.90000000,"Done":false},{"Time":"2019-04-07T06:58:03","Situation":"trend","Type":"ask","Price":0.03000000,"Amount":5290195.90000000,"Done":false},{"Time":"2019-04-07T06:59:09","Situation":"trend","Type":"ask","Price":0.03000000,"Amount":5290195.90000000,"Done":false},{"Time":"2019-04-07T07:01:09","Situation":"trend","Type":"ask","Price":0.03000000,"Amount":5958862.40000000,"Done":false},{"Time":"2019-04-07T07:01:49","Situation":"trend","Type":"ask","Price":0.03000000,"Amount":5965066.10000000,"Done":false},{"Time":"2019-04-07T07:02:44","Situation":"trend","Type":"ask","Price":0.03000000,"Amount":5974464.60000000,"Done":false},{"Time":"2019-04-07T07:05:50","Situation":"trend","Type":"ask","Price":0.03000000,"Amount":5943561.60000000,"Done":false},{"Time":"2019-04-07T07:07:10","Situation":"trend","Type":"ask","Price":0.03000000,"Amount":5937884.60000000,"Done":false},{"Time":"2019-04-07T07:07:25","Situation":"trend","Type":"ask","Price":0.03000000,"Amount":5919475.50000000,"Done":false},{"Time":"2019-04-07T07:07:44","Situation":"trend","Type":"ask","Price":0.03000000,"Amount":5920850.00000000,"Done":false},{"Time":"2019-04-07T07:08:58","Situation":"trend","Type":"ask","Price":0.03000000,"Amount":5927801.90000000,"Done":false},{"Time":"2019-04-07T07:12:29","Situation":"trend","Type":"ask","Price":0.03000000,"Amount":5981056.70000000,"Done":false},{"Time":"2019-04-07T07:13:05","Situation":"trend","Type":"ask","Price":0.03000000,"Amount":5935471.40000000,"Done":false},{"Time":"2019-04-07T07:14:45","Situation":"trend","Type":"ask","Price":0.03000000,"Amount":5926072.90000000,"Done":false},{"Time":"2019-04-07T07:16:40","Situation":"trend","Type":"ask","Price":0.03000000,"Amount":5277496.80000000,"Done":false},{"Time":"2019-04-07T07:18:06","Situation":"trend","Type":"ask","Price":0.03000000,"Amount":5275532.10000000,"Done":false},{"Time":"2019-04-07T07:19:36","Situation":"trend","Type":"ask","Price":0.03000000,"Amount":5308253.00000000,"Done":false},{"Time":"2019-04-07T07:21:15","Situation":"trend","Type":"ask","Price":0.03000000,"Amount":5326940.90000000,"Done":false},{"Time":"2019-04-07T07:24:05","Situation":"trend","Type":"ask","Price":0.03000000,"Amount":5334396.90000000,"Done":false},{"Time":"2019-04-07T07:28:50","Situation":"trend","Type":"ask","Price":0.03000000,"Amount":5268994.10000000,"Done":false},{"Time":"2019-04-07T07:30:25","Situation":"trend","Type":"ask","Price":0.03000000,"Amount":5280727.60000000,"Done":false},{"Time":"2019-04-07T07:32:30","Situation":"trend","Type":"ask","Price":0.03000000,"Amount":5270911.50000000,"Done":false},{"Time":"2019-04-07T07:34:00","Situation":"trend","Type":"ask","Price":0.03000000,"Amount":5270911.50000000,"Done":false},{"Time":"2019-04-07T07:37:17","Situation":"trend","Type":"ask","Price":0.03000000,"Amount":5325763.60000000,"Done":false},{"Time":"2019-04-07T07:42:19","Situation":"flat","Type":"ask","Price":0.03000000,"Amount":5322117.60000000,"Done":false},{"Time":"2019-04-07T07:43:49","Situation":"trend","Type":"ask","Price":0.03000000,"Amount":5322117.60000000,"Done":true},{"Time":"2019-04-07T07:44:49","Situation":"trend","Type":"ask","Price":0.03000000,"Amount":5322117.60000000,"Done":true},{"Time":"2019-04-07T07:45:34","Situation":"trend","Type":"ask","Price":0.03000000,"Amount":5322117.60000000,"Done":true},{"Time":"2019-04-07T08:04:49","Situation":"trend","Type":"ask","Price":0.03000000,"Amount":5229145.20000000,"Done":false},{"Time":"2019-04-07T08:08:28","Situation":"trend","Type":"ask","Price":0.03000000,"Amount":5210747.80000000,"Done":false},{"Time":"2019-04-07T08:12:14","Situation":"trend","Type":"ask","Price":0.03000000,"Amount":5209884.10000000,"Done":false},{"Time":"2019-04-07T08:15:39","Situation":"trend","Type":"ask","Price":0.03000000,"Amount":5227000.10000000,"Done":false},{"Time":"2019-04-07T08:20:39","Situation":"flat","Type":"ask","Price":0.03000000,"Amount":5220210.00000000,"Done":false},{"Time":"2019-04-07T08:20:59","Situation":"trend","Type":"ask","Price":0.03000000,"Amount":5220210.00000000,"Done":false},{"Time":"2019-04-07T08:24:59","Situation":"trend","Type":"ask","Price":0.03000000,"Amount":5220210.00000000,"Done":true},{"Time":"2019-04-07T08:26:59","Situation":"trend","Type":"ask","Price":0.03000000,"Amount":5220210.00000000,"Done":true},{"Time":"2019-04-07T08:38:36","Situation":"flat","Type":"ask","Price":0.03000000,"Amount":5478371.40000000,"Done":false},{"Time":"2019-04-07T08:45:25","Situation":"trend","Type":"ask","Price":0.03000000,"Amount":5478371.40000000,"Done":true},{"Time":"2019-04-07T08:53:25","Situation":"trend","Type":"ask","Price":0.03000000,"Amount":5460723.60000000,"Done":false},{"Time":"2019-04-07T08:58:25","Situation":"flat","Type":"ask","Price":0.03000000,"Amount":5458273.40000000,"Done":false},{"Time":"2019-04-07T09:03:58","Situation":"trend","Type":"ask","Price":0.03000000,"Amount":5458273.40000000,"Done":true},{"Time":"2019-04-07T19:01:11","Situation":"flat","Type":"ask","Price":0.02900000,"Amount":4410200.10000000,"Done":false},{"Time":"2019-04-07T22:05:26","Situation":"flat","Type":"ask","Price":0.03000000,"Amount":6828744.20000000,"Done":false},{"Time":"2019-04-07T22:10:30","Situation":"flat","Type":"ask","Price":0.03000000,"Amount":6828744.20000000,"Done":false},{"Time":"2019-04-07T22:15:30","Situation":"flat","Type":"ask","Price":0.03000000,"Amount":4664289.80000000,"Done":false},{"Time":"2019-04-07T22:18:26","Situation":"trend","Type":"ask","Price":0.03000000,"Amount":4664324.50000000,"Done":false},{"Time":"2019-04-08T00:38:36","Situation":"trend","Type":"ask","Price":0.03000000,"Amount":5166866.50000000,"Done":false},{"Time":"2019-04-08T00:40:21","Situation":"trend","Type":"ask","Price":0.03000000,"Amount":5166866.50000000,"Done":false},{"Time":"2019-04-08T00:41:57","Situation":"trend","Type":"ask","Price":0.03000000,"Amount":5166866.50000000,"Done":false},{"Time":"2019-04-08T00:43:47","Situation":"trend","Type":"ask","Price":0.03000000,"Amount":4794063.70000000,"Done":false},{"Time":"2019-04-08T00:48:49","Situation":"flat","Type":"ask","Price":0.03000000,"Amount":4844063.70000000,"Done":false},{"Time":"2019-04-08T00:52:44","Situation":"trend","Type":"ask","Price":0.03000000,"Amount":4844063.70000000,"Done":false},{"Time":"2019-04-08T00:57:06","Situation":"trend","Type":"ask","Price":0.03000000,"Amount":4844063.70000000,"Done":false},{"Time":"2019-04-08T01:01:41","Situation":"trend","Type":"ask","Price":0.03000000,"Amount":4841478.70000000,"Done":false},{"Time":"2019-04-08T01:03:09","Situation":"trend","Type":"ask","Price":0.03000000,"Amount":4841478.70000000,"Done":false},{"Time":"2019-04-08T01:08:10","Situation":"flat","Type":"ask","Price":0.03000000,"Amount":4827074.10000000,"Done":false},{"Time":"2019-04-08T01:18:04","Situation":"flat","Type":"ask","Price":0.03000000,"Amount":4822809.30000000,"Done":false},{"Time":"2019-04-08T01:19:16","Situation":"trend","Type":"ask","Price":0.03000000,"Amount":4822809.30000000,"Done":false},{"Time":"2019-04-08T01:24:19","Situation":"flat","Type":"ask","Price":0.03000000,"Amount":4822809.30000000,"Done":false},{"Time":"2019-04-08T01:32:09","Situation":"flat","Type":"ask","Price":0.03000000,"Amount":4822409.30000000,"Done":false},{"Time":"2019-04-08T01:42:12","Situation":"flat","Type":"ask","Price":0.03000000,"Amount":4856115.50000000,"Done":false},{"Time":"2019-04-08T01:47:15","Situation":"flat","Type":"ask","Price":0.03000000,"Amount":4566485.00000000,"Done":false},{"Time":"2019-04-08T01:52:19","Situation":"flat","Type":"ask","Price":0.03000000,"Amount":4563858.60000000,"Done":false}],"OrderBookBids":[{"Time":"2019-04-02T01:54:55","Situation":"flat","Type":"bid","Price":0.02501000,"Amount":4771760.00000000,"Done":false},{"Time":"2019-04-02T01:55:20","Situation":"trend","Type":"bid","Price":0.02501000,"Amount":4761981.00000000,"Done":false},{"Time":"2019-04-02T01:57:20","Situation":"trend","Type":"bid","Price":0.02501000,"Amount":4761981.00000000,"Done":false},{"Time":"2019-04-02T01:58:25","Situation":"trend","Type":"bid","Price":0.02501000,"Amount":4761981.00000000,"Done":false},{"Time":"2019-04-02T02:01:44","Situation":"trend","Type":"bid","Price":0.02501000,"Amount":4761981.00000000,"Done":false},{"Time":"2019-04-02T02:04:14","Situation":"trend","Type":"bid","Price":0.02501000,"Amount":4759981.00000000,"Done":false},{"Time":"2019-04-02T02:06:59","Situation":"trend","Type":"bid","Price":0.02501000,"Amount":4759981.00000000,"Done":false},{"Time":"2019-04-02T02:13:20","Situation":"trend","Type":"bid","Price":0.02501000,"Amount":4759981.00000000,"Done":false},{"Time":"2019-04-02T02:24:35","Situation":"trend","Type":"bid","Price":0.02501000,"Amount":4759981.00000000,"Done":false},{"Time":"2019-04-02T02:26:30","Situation":"trend","Type":"bid","Price":0.02501000,"Amount":4759981.00000000,"Done":false},{"Time":"2019-04-02T02:27:50","Situation":"trend","Type":"bid","Price":0.02580000,"Amount":5480900.50000000,"Done":false},{"Time":"2019-04-02T02:27:50","Situation":"trend","Type":"bid","Price":0.02501000,"Amount":4759981.00000000,"Done":false},{"Time":"2019-04-02T02:29:05","Situation":"trend","Type":"bid","Price":0.02501000,"Amount":4759981.00000000,"Done":false},{"Time":"2019-04-02T02:30:50","Situation":"trend","Type":"bid","Price":0.02501000,"Amount":4759981.00000000,"Done":false},{"Time":"2019-04-02T02:33:09","Situation":"trend","Type":"bid","Price":0.02501000,"Amount":4759981.00000000,"Done":false},{"Time":"2019-04-02T02:35:04","Situation":"trend","Type":"bid","Price":0.02550000,"Amount":7258909.90000000,"Done":false},{"Time":"2019-04-02T02:35:04","Situation":"trend","Type":"bid","Price":0.02501000,"Amount":4759981.00000000,"Done":false},{"Time":"2019-04-02T02:40:06","Situation":"flat","Type":"bid","Price":0.02501000,"Amount":4759981.00000000,"Done":false},{"Time":"2019-04-02T02:44:59","Situation":"trend","Type":"bid","Price":0.02501000,"Amount":4765981.00000000,"Done":false},{"Time":"2019-04-02T02:49:59","Situation":"flat","Type":"bid","Price":0.02501000,"Amount":4765981.00000000,"Done":false},{"Time":"2019-04-02T02:52:50","Situation":"trend","Type":"bid","Price":0.02501000,"Amount":4759981.00000000,"Done":false},{"Time":"2019-04-02T02:57:54","Situation":"flat","Type":"bid","Price":0.02560000,"Amount":7191389.00000000,"Done":false},{"Time":"2019-04-02T02:57:54","Situation":"flat","Type":"bid","Price":0.02511000,"Amount":4743219.20000000,"Done":false},{"Time":"2019-04-02T03:01:30","Situation":"trend","Type":"bid","Price":0.02511000,"Amount":4742442.50000000,"Done":false},{"Time":"2019-04-02T03:06:30","Situation":"flat","Type":"bid","Price":0.02555000,"Amount":6714163.40000000,"Done":false},{"Time":"2019-04-02T03:06:30","Situation":"flat","Type":"bid","Price":0.02511000,"Amount":4742024.50000000,"Done":false},{"Time":"2019-04-02T03:09:26","Situation":"trend","Type":"bid","Price":0.02555000,"Amount":6588673.10000000,"Done":false},{"Time":"2019-04-02T03:09:26","Situation":"trend","Type":"bid","Price":0.02511000,"Amount":4742024.50000000,"Done":false},{"Time":"2019-04-02T03:14:28","Situation":"flat","Type":"bid","Price":0.02511000,"Amount":4742024.50000000,"Done":false},{"Time":"2019-04-02T03:18:53","Situation":"trend","Type":"bid","Price":0.02511000,"Amount":4978635.60000000,"Done":false},{"Time":"2019-04-02T03:20:54","Situation":"trend","Type":"bid","Price":0.02511000,"Amount":4920990.70000000,"Done":false},{"Time":"2019-04-02T03:22:20","Situation":"trend","Type":"bid","Price":0.02511000,"Amount":4920990.70000000,"Done":false},{"Time":"2019-04-02T03:23:50","Situation":"trend","Type":"bid","Price":0.02511000,"Amount":4920990.70000000,"Done":false},{"Time":"2019-04-02T03:26:15","Situation":"trend","Type":"bid","Price":0.02511000,"Amount":4920990.70000000,"Done":false},{"Time":"2019-04-02T03:31:18","Situation":"flat","Type":"bid","Price":0.02588000,"Amount":6582476.00000000,"Done":false},{"Time":"2019-04-02T03:31:18","Situation":"flat","Type":"bid","Price":0.02511000,"Amount":4943545.30000000,"Done":false},{"Time":"2019-04-02T03:36:20","Situation":"flat","Type":"bid","Price":0.02511000,"Amount":4943545.30000000,"Done":false},{"Time":"2019-04-02T03:37:20","Situation":"trend","Type":"bid","Price":0.02511000,"Amount":4943545.30000000,"Done":false},{"Time":"2019-04-02T03:40:34","Situation":"trend","Type":"bid","Price":0.02511000,"Amount":4943545.30000000,"Done":false},{"Time":"2019-04-02T03:45:35","Situation":"flat","Type":"bid","Price":0.02511000,"Amount":4943545.30000000,"Done":false},{"Time":"2019-04-02T03:47:25","Situation":"trend","Type":"bid","Price":0.02511000,"Amount":4943545.30000000,"Done":false},{"Time":"2019-04-02T03:49:55","Situation":"trend","Type":"bid","Price":0.02511000,"Amount":4943545.30000000,"Done":false},{"Time":"2019-04-02T03:49:55","Situation":"trend","Type":"bid","Price":0.02450000,"Amount":4472838.80000000,"Done":false},{"Time":"2019-04-02T03:52:30","Situation":"trend","Type":"bid","Price":0.02511000,"Amount":4943545.30000000,"Done":false},{"Time":"2019-04-02T03:52:30","Situation":"trend","Type":"bid","Price":0.02450000,"Amount":4472838.80000000,"Done":false},{"Time":"2019-04-02T03:57:34","Situation":"flat","Type":"bid","Price":0.02511000,"Amount":5039033.90000000,"Done":false},{"Time":"2019-04-02T04:02:35","Situation":"flat","Type":"bid","Price":0.02511000,"Amount":5039033.90000000,"Done":false},{"Time":"2019-04-02T04:05:40","Situation":"trend","Type":"bid","Price":0.02511000,"Amount":5039033.90000000,"Done":false},{"Time":"2019-04-02T04:10:40","Situation":"flat","Type":"bid","Price":0.02511000,"Amount":5039033.90000000,"Done":false},{"Time":"2019-04-02T04:15:41","Situation":"flat","Type":"bid","Price":0.02511000,"Amount":5039033.90000000,"Done":false},{"Time":"2019-04-02T04:16:29","Situation":"trend","Type":"bid","Price":0.02511000,"Amount":5039033.90000000,"Done":false},{"Time":"2019-04-02T04:21:29","Situation":"flat","Type":"bid","Price":0.02511000,"Amount":5039033.90000000,"Done":false},{"Time":"2019-04-02T04:22:04","Situation":"trend","Type":"bid","Price":0.02511000,"Amount":5039033.90000000,"Done":false},{"Time":"2019-04-02T04:24:39","Situation":"trend","Type":"bid","Price":0.02511000,"Amount":5039033.90000000,"Done":false},{"Time":"2019-04-02T04:29:39","Situation":"flat","Type":"bid","Price":0.02511000,"Amount":5039033.90000000,"Done":false},{"Time":"2019-04-02T04:32:19","Situation":"trend","Type":"bid","Price":0.02511000,"Amount":5039033.90000000,"Done":false},{"Time":"2019-04-02T04:33:10","Situation":"trend","Type":"bid","Price":0.02511000,"Amount":5039033.90000000,"Done":false},{"Time":"2019-04-02T04:35:00","Situation":"trend","Type":"bid","Price":0.02511000,"Amount":5039033.90000000,"Done":false},{"Time":"2019-04-02T04:36:45","Situation":"trend","Type":"bid","Price":0.02511000,"Amount":5039033.90000000,"Done":false},{"Time":"2019-04-02T04:38:10","Situation":"trend","Type":"bid","Price":0.02511000,"Amount":5039033.90000000,"Done":false},{"Time":"2019-04-02T04:56:49","Situation":"trend","Type":"bid","Price":0.02450000,"Amount":4608503.90000000,"Done":false},{"Time":"2019-04-02T04:57:04","Situation":"trend","Type":"bid","Price":0.02450000,"Amount":4608503.90000000,"Done":false},{"Time":"2019-04-02T04:57:24","Situation":"trend","Type":"bid","Price":0.02450000,"Amount":4608503.90000000,"Done":false},{"Time":"2019-04-02T04:57:29","Situation":"trend","Type":"bid","Price":0.02450000,"Amount":4608503.90000000,"Done":false},{"Time":"2019-04-02T04:58:45","Situation":"trend","Type":"bid","Price":0.02501000,"Amount":5288502.50000000,"Done":false},{"Time":"2019-04-02T04:58:45","Situation":"trend","Type":"bid","Price":0.02450000,"Amount":4608503.90000000,"Done":false},{"Time":"2019-04-02T04:59:45","Situation":"trend","Type":"bid","Price":0.02501000,"Amount":5288502.50000000,"Done":false},{"Time":"2019-04-02T04:59:45","Situation":"trend","Type":"bid","Price":0.02450000,"Amount":5570610.90000000,"Done":false},{"Time":"2019-04-02T05:00:55","Situation":"trend","Type":"bid","Price":0.02501000,"Amount":5288502.50000000,"Done":false},{"Time":"2019-04-02T05:00:55","Situation":"trend","Type":"bid","Price":0.02450000,"Amount":4649575.40000000,"Done":false},{"Time":"2019-04-02T05:01:45","Situation":"trend","Type":"bid","Price":0.02501000,"Amount":5288502.50000000,"Done":false},{"Time":"2019-04-02T05:01:45","Situation":"trend","Type":"bid","Price":0.02450000,"Amount":4649575.40000000,"Done":false},{"Time":"2019-04-02T05:02:10","Situation":"trend","Type":"bid","Price":0.02501000,"Amount":5448438.50000000,"Done":false},{"Time":"2019-04-02T05:02:10","Situation":"trend","Type":"bid","Price":0.02450000,"Amount":5611682.40000000,"Done":false},{"Time":"2019-04-02T05:02:55","Situation":"trend","Type":"bid","Price":0.02501000,"Amount":5449337.10000000,"Done":false},{"Time":"2019-04-02T05:02:55","Situation":"trend","Type":"bid","Price":0.02450000,"Amount":5611682.40000000,"Done":false},{"Time":"2019-04-02T05:03:25","Situation":"trend","Type":"bid","Price":0.02501000,"Amount":5449337.10000000,"Done":false},{"Time":"2019-04-02T05:03:25","Situation":"trend","Type":"bid","Price":0.02450000,"Amount":4649575.40000000,"Done":false},{"Time":"2019-04-02T05:03:55","Situation":"trend","Type":"bid","Price":0.02501000,"Amount":5288502.50000000,"Done":false},{"Time":"2019-04-02T05:03:55","Situation":"trend","Type":"bid","Price":0.02450000,"Amount":4649575.40000000,"Done":false},{"Time":"2019-04-02T05:04:15","Situation":"trend","Type":"bid","Price":0.02501000,"Amount":5288502.50000000,"Done":false},{"Time":"2019-04-02T05:04:15","Situation":"trend","Type":"bid","Price":0.02450000,"Amount":4649575.40000000,"Done":false},{"Time":"2019-04-02T05:04:54","Situation":"trend","Type":"bid","Price":0.02501000,"Amount":5388502.50000000,"Done":false},{"Time":"2019-04-02T05:04:54","Situation":"trend","Type":"bid","Price":0.02450000,"Amount":4650983.80000000,"Done":false},{"Time":"2019-04-02T05:05:10","Situation":"trend","Type":"bid","Price":0.02501000,"Amount":5388502.50000000,"Done":false},{"Time":"2019-04-02T05:05:10","Situation":"trend","Type":"bid","Price":0.02450000,"Amount":4650983.80000000,"Done":false},{"Time":"2019-04-02T05:05:40","Situation":"trend","Type":"bid","Price":0.02501000,"Amount":5388502.50000000,"Done":false},{"Time":"2019-04-02T05:05:40","Situation":"trend","Type":"bid","Price":0.02450000,"Amount":4650983.80000000,"Done":false},{"Time":"2019-04-02T05:06:27","Situation":"trend","Type":"bid","Price":0.02501000,"Amount":5388502.50000000,"Done":false},{"Time":"2019-04-02T05:08:15","Situation":"trend","Type":"bid","Price":0.02501000,"Amount":5388502.50000000,"Done":false},{"Time":"2019-04-02T05:08:15","Situation":"trend","Type":"bid","Price":0.02450000,"Amount":4650983.80000000,"Done":false},{"Time":"2019-04-02T05:09:10","Situation":"trend","Type":"bid","Price":0.02501000,"Amount":5388502.50000000,"Done":false},{"Time":"2019-04-02T05:10:10","Situation":"trend","Type":"bid","Price":0.02501000,"Amount":5388502.50000000,"Done":false},{"Time":"2019-04-02T05:10:30","Situation":"trend","Type":"bid","Price":0.02501000,"Amount":5388502.50000000,"Done":false},{"Time":"2019-04-02T05:13:10","Situation":"trend","Type":"bid","Price":0.02501000,"Amount":5388502.50000000,"Done":false},{"Time":"2019-04-02T05:14:45","Situation":"trend","Type":"bid","Price":0.02501000,"Amount":5388502.50000000,"Done":false},{"Time":"2019-04-02T05:17:19","Situation":"trend","Type":"bid","Price":0.02501000,"Amount":5388502.50000000,"Done":false},{"Time":"2019-04-02T05:18:40","Situation":"trend","Type":"bid","Price":0.02501000,"Amount":5388502.50000000,"Done":false},{"Time":"2019-04-02T05:20:15","Situation":"trend","Type":"bid","Price":0.02501000,"Amount":5388502.50000000,"Done":false},{"Time":"2019-04-02T05:21:11","Situation":"trend","Type":"bid","Price":0.02501000,"Amount":5388502.50000000,"Done":false},{"Time":"2019-04-02T05:23:30","Situation":"trend","Type":"bid","Price":0.02501000,"Amount":5484713.50000000,"Done":false},{"Time":"2019-04-02T05:24:00","Situation":"trend","Type":"bid","Price":0.02501000,"Amount":5388502.50000000,"Done":false},{"Time":"2019-04-02T05:24:49","Situation":"trend","Type":"bid","Price":0.02501000,"Amount":5388502.50000000,"Done":false},{"Time":"2019-04-02T05:25:34","Situation":"trend","Type":"bid","Price":0.02501000,"Amount":5388502.50000000,"Done":false},{"Time":"2019-04-02T05:25:54","Situation":"trend","Type":"bid","Price":0.02501000,"Amount":5388502.50000000,"Done":false},{"Time":"2019-04-02T05:27:24","Situation":"trend","Type":"bid","Price":0.02501000,"Amount":5388502.50000000,"Done":false},{"Time":"2019-04-02T05:29:59","Situation":"trend","Type":"bid","Price":0.02501000,"Amount":5388502.50000000,"Done":false},{"Time":"2019-04-02T05:32:34","Situation":"trend","Type":"bid","Price":0.02511000,"Amount":4790844.60000000,"Done":false},{"Time":"2019-04-02T05:34:56","Situation":"trend","Type":"bid","Price":0.02511000,"Amount":4792771.90000000,"Done":false},{"Time":"2019-04-02T05:36:09","Situation":"trend","Type":"bid","Price":0.02511000,"Amount":4792771.90000000,"Done":false},{"Time":"2019-04-02T05:36:09","Situation":"trend","Type":"bid","Price":0.02450000,"Amount":4695711.50000000,"Done":false},{"Time":"2019-04-02T05:37:09","Situation":"trend","Type":"bid","Price":0.02511000,"Amount":4792771.90000000,"Done":false},{"Time":"2019-04-02T05:37:09","Situation":"trend","Type":"bid","Price":0.02450000,"Amount":4695711.50000000,"Done":false},{"Time":"2019-04-02T05:37:54","Situation":"trend","Type":"bid","Price":0.02511000,"Amount":4792771.90000000,"Done":false},{"Time":"2019-04-02T05:39:14","Situation":"trend","Type":"bid","Price":0.02511000,"Amount":4832198.40000000,"Done":false},{"Time":"2019-04-02T05:40:39","Situation":"trend","Type":"bid","Price":0.02511000,"Amount":4792771.90000000,"Done":false},{"Time":"2019-04-02T05:40:39","Situation":"trend","Type":"bid","Price":0.02450000,"Amount":4695711.50000000,"Done":false},{"Time":"2019-04-02T05:42:29","Situation":"trend","Type":"bid","Price":0.02511000,"Amount":4792771.90000000,"Done":false},{"Time":"2019-04-02T05:43:54","Situation":"trend","Type":"bid","Price":0.02511000,"Amount":4792771.90000000,"Done":false},{"Time":"2019-04-02T05:48:55","Situation":"flat","Type":"bid","Price":0.02511000,"Amount":4792771.90000000,"Done":false},{"Time":"2019-04-02T05:49:45","Situation":"trend","Type":"bid","Price":0.02511000,"Amount":4792771.90000000,"Done":false},{"Time":"2019-04-02T05:51:24","Situation":"trend","Type":"bid","Price":0.02511000,"Amount":4790844.60000000,"Done":false},{"Time":"2019-04-02T05:52:24","Situation":"trend","Type":"bid","Price":0.02511000,"Amount":4869697.60000000,"Done":false},{"Time":"2019-04-02T05:52:24","Situation":"trend","Type":"bid","Price":0.02450000,"Amount":4496657.90000000,"Done":false},{"Time":"2019-04-02T05:53:53","Situation":"trend","Type":"bid","Price":0.02511000,"Amount":4989570.10000000,"Done":false},{"Time":"2019-04-02T05:53:53","Situation":"trend","Type":"bid","Price":0.02450000,"Amount":4496657.90000000,"Done":false},{"Time":"2019-04-02T05:55:03","Situation":"trend","Type":"bid","Price":0.02511000,"Amount":4956918.50000000,"Done":false},{"Time":"2019-04-02T05:55:03","Situation":"trend","Type":"bid","Price":0.02450000,"Amount":4496657.90000000,"Done":false},{"Time":"2019-04-02T05:59:35","Situation":"trend","Type":"bid","Price":0.02511000,"Amount":4797619.50000000,"Done":false},{"Time":"2019-04-02T06:01:55","Situation":"trend","Type":"bid","Price":0.02511000,"Amount":4797619.50000000,"Done":false},{"Time":"2019-04-02T06:03:50","Situation":"trend","Type":"bid","Price":0.02511000,"Amount":4797619.50000000,"Done":false},{"Time":"2019-04-02T06:03:50","Situation":"trend","Type":"bid","Price":0.02450000,"Amount":4409450.30000000,"Done":false},{"Time":"2019-04-02T06:05:50","Situation":"trend","Type":"bid","Price":0.02511000,"Amount":4900128.40000000,"Done":false},{"Time":"2019-04-02T06:10:51","Situation":"flat","Type":"bid","Price":0.02511000,"Amount":4797619.50000000,"Done":false},{"Time":"2019-04-02T06:11:19","Situation":"trend","Type":"bid","Price":0.02511000,"Amount":4797619.50000000,"Done":false},{"Time":"2019-04-02T06:13:59","Situation":"trend","Type":"bid","Price":0.02511000,"Amount":4790844.60000000,"Done":false},{"Time":"2019-04-02T06:17:49","Situation":"trend","Type":"bid","Price":0.02511000,"Amount":4790844.60000000,"Done":false},{"Time":"2019-04-02T06:22:05","Situation":"trend","Type":"bid","Price":0.02511000,"Amount":4790844.60000000,"Done":false},{"Time":"2019-04-02T06:26:48","Situation":"trend","Type":"bid","Price":0.02511000,"Amount":4790844.60000000,"Done":false},{"Time":"2019-04-02T06:31:49","Situation":"flat","Type":"bid","Price":0.02511000,"Amount":4790844.60000000,"Done":false},{"Time":"2019-04-02T06:34:39","Situation":"trend","Type":"bid","Price":0.02511000,"Amount":4742024.50000000,"Done":false},{"Time":"2019-04-02T06:39:39","Situation":"flat","Type":"bid","Price":0.02511000,"Amount":4742024.50000000,"Done":false},{"Time":"2019-04-02T06:40:39","Situation":"trend","Type":"bid","Price":0.02511000,"Amount":4742024.50000000,"Done":false},{"Time":"2019-04-02T06:45:39","Situation":"flat","Type":"bid","Price":0.02511000,"Amount":4742024.50000000,"Done":false},{"Time":"2019-04-02T06:50:40","Situation":"flat","Type":"bid","Price":0.02511000,"Amount":4742024.50000000,"Done":false},{"Time":"2019-04-02T06:53:40","Situation":"trend","Type":"bid","Price":0.02511000,"Amount":4742024.50000000,"Done":false},{"Time":"2019-04-02T06:57:00","Situation":"trend","Type":"bid","Price":0.02511000,"Amount":4742024.50000000,"Done":false},{"Time":"2019-04-02T07:02:04","Situation":"flat","Type":"bid","Price":0.02511000,"Amount":4742024.50000000,"Done":false},{"Time":"2019-04-02T07:06:05","Situation":"trend","Type":"bid","Price":0.02511000,"Amount":4742024.50000000,"Done":false},{"Time":"2019-04-02T07:09:00","Situation":"trend","Type":"bid","Price":0.02511000,"Amount":4750611.10000000,"Done":false},{"Time":"2019-04-02T07:14:04","Situation":"flat","Type":"bid","Price":0.02511000,"Amount":4750611.10000000,"Done":false},{"Time":"2019-04-02T07:19:05","Situation":"flat","Type":"bid","Price":0.02511000,"Amount":4750611.10000000,"Done":false},{"Time":"2019-04-02T07:24:05","Situation":"flat","Type":"bid","Price":0.02511000,"Amount":4750611.10000000,"Done":false},{"Time":"2019-04-02T07:29:08","Situation":"flat","Type":"bid","Price":0.02511000,"Amount":4750611.10000000,"Done":false},{"Time":"2019-04-02T07:34:09","Situation":"flat","Type":"bid","Price":0.02511000,"Amount":4750611.10000000,"Done":false},{"Time":"2019-04-02T07:39:09","Situation":"flat","Type":"bid","Price":0.02511000,"Amount":4750611.10000000,"Done":false},{"Time":"2019-04-02T07:44:09","Situation":"flat","Type":"bid","Price":0.02511000,"Amount":4750611.10000000,"Done":false},{"Time":"2019-04-02T07:54:09","Situation":"flat","Type":"bid","Price":0.02511000,"Amount":4750611.10000000,"Done":false},{"Time":"2019-04-02T07:59:10","Situation":"flat","Type":"bid","Price":0.02511000,"Amount":4750611.10000000,"Done":false},{"Time":"2019-04-02T08:03:46","Situation":"trend","Type":"bid","Price":0.02511000,"Amount":4755045.60000000,"Done":false},{"Time":"2019-04-02T08:08:50","Situation":"flat","Type":"bid","Price":0.02511000,"Amount":4755045.60000000,"Done":false},{"Time":"2019-04-02T08:12:34","Situation":"trend","Type":"bid","Price":0.02511000,"Amount":4755045.60000000,"Done":false},{"Time":"2019-04-02T08:17:34","Situation":"flat","Type":"bid","Price":0.02511000,"Amount":4755045.60000000,"Done":false},{"Time":"2019-04-02T08:19:48","Situation":"trend","Type":"bid","Price":0.02511000,"Amount":4755045.60000000,"Done":false},{"Time":"2019-04-02T08:24:50","Situation":"flat","Type":"bid","Price":0.02511000,"Amount":4755045.60000000,"Done":false},{"Time":"2019-04-02T08:29:54","Situation":"flat","Type":"bid","Price":0.02511000,"Amount":4755045.60000000,"Done":false},{"Time":"2019-04-02T08:34:55","Situation":"flat","Type":"bid","Price":0.02511000,"Amount":4755045.60000000,"Done":false},{"Time":"2019-04-02T08:35:15","Situation":"trend","Type":"bid","Price":0.02511000,"Amount":4755045.60000000,"Done":false},{"Time":"2019-04-02T08:40:19","Situation":"flat","Type":"bid","Price":0.02511000,"Amount":4755045.60000000,"Done":false},{"Time":"2019-04-02T08:45:19","Situation":"flat","Type":"bid","Price":0.02511000,"Amount":4755045.60000000,"Done":false},{"Time":"2019-04-02T08:50:19","Situation":"flat","Type":"bid","Price":0.02511000,"Amount":4755045.60000000,"Done":false},{"Time":"2019-04-02T08:55:19","Situation":"flat","Type":"bid","Price":0.02511000,"Amount":4755045.60000000,"Done":false},{"Time":"2019-04-02T08:59:22","Situation":"trend","Type":"bid","Price":0.02511000,"Amount":4755045.60000000,"Done":false},{"Time":"2019-04-02T09:04:24","Situation":"flat","Type":"bid","Price":0.02511000,"Amount":4755045.60000000,"Done":false},{"Time":"2019-04-02T09:09:25","Situation":"flat","Type":"bid","Price":0.02511000,"Amount":4755045.60000000,"Done":false},{"Time":"2019-04-02T09:11:50","Situation":"trend","Type":"bid","Price":0.02511000,"Amount":4755045.60000000,"Done":false},{"Time":"2019-04-02T09:15:30","Situation":"trend","Type":"bid","Price":0.02511000,"Amount":4755045.60000000,"Done":false},{"Time":"2019-04-02T09:20:31","Situation":"flat","Type":"bid","Price":0.02511000,"Amount":4755045.60000000,"Done":false},{"Time":"2019-04-02T09:23:59","Situation":"trend","Type":"bid","Price":0.02511000,"Amount":4755045.60000000,"Done":false},{"Time":"2019-04-02T09:29:00","Situation":"flat","Type":"bid","Price":0.02511000,"Amount":4755045.60000000,"Done":false},{"Time":"2019-04-02T09:29:50","Situation":"trend","Type":"bid","Price":0.02511000,"Amount":4755045.60000000,"Done":false},{"Time":"2019-04-02T09:34:53","Situation":"flat","Type":"bid","Price":0.02511000,"Amount":4755045.60000000,"Done":false},{"Time":"2019-04-02T09:36:55","Situation":"trend","Type":"bid","Price":0.02511000,"Amount":4755045.60000000,"Done":false},{"Time":"2019-04-02T09:39:39","Situation":"trend","Type":"bid","Price":0.02511000,"Amount":4755045.60000000,"Done":false},{"Time":"2019-04-02T09:44:04","Situation":"trend","Type":"bid","Price":0.02511000,"Amount":4755045.60000000,"Done":false},{"Time":"2019-04-02T09:49:04","Situation":"flat","Type":"bid","Price":0.02511000,"Amount":4755045.60000000,"Done":false},{"Time":"2019-04-02T09:49:35","Situation":"trend","Type":"bid","Price":0.02511000,"Amount":4755045.60000000,"Done":false},{"Time":"2019-04-02T09:54:35","Situation":"flat","Type":"bid","Price":0.02511000,"Amount":4755045.60000000,"Done":false},{"Time":"2019-04-02T09:59:36","Situation":"flat","Type":"bid","Price":0.02511000,"Amount":4755045.60000000,"Done":false},{"Time":"2019-04-02T10:04:09","Situation":"trend","Type":"bid","Price":0.02511000,"Amount":4755045.60000000,"Done":false},{"Time":"2019-04-02T10:09:09","Situation":"flat","Type":"bid","Price":0.02511000,"Amount":4755045.60000000,"Done":false},{"Time":"2019-04-02T10:13:20","Situation":"trend","Type":"bid","Price":0.02511000,"Amount":4755045.60000000,"Done":false},{"Time":"2019-04-02T10:18:20","Situation":"flat","Type":"bid","Price":0.02511000,"Amount":4755045.60000000,"Done":false},{"Time":"2019-04-02T10:18:35","Situation":"trend","Type":"bid","Price":0.02511000,"Amount":4755045.60000000,"Done":false},{"Time":"2019-04-02T10:23:35","Situation":"flat","Type":"bid","Price":0.02511000,"Amount":4755045.60000000,"Done":false},{"Time":"2019-04-02T10:28:39","Situation":"flat","Type":"bid","Price":0.02511000,"Amount":4755045.60000000,"Done":false},{"Time":"2019-04-02T10:33:40","Situation":"flat","Type":"bid","Price":0.02511000,"Amount":4755045.60000000,"Done":false},{"Time":"2019-04-02T10:38:40","Situation":"flat","Type":"bid","Price":0.02511000,"Amount":4755045.60000000,"Done":false},{"Time":"2019-04-02T10:43:44","Situation":"flat","Type":"bid","Price":0.02511000,"Amount":4755045.60000000,"Done":false},{"Time":"2019-04-02T10:46:34","Situation":"trend","Type":"bid","Price":0.02511000,"Amount":4755045.60000000,"Done":false},{"Time":"2019-04-02T10:51:34","Situation":"flat","Type":"bid","Price":0.02511000,"Amount":4755045.60000000,"Done":false},{"Time":"2019-04-02T10:54:10","Situation":"trend","Type":"bid","Price":0.02511000,"Amount":4755045.60000000,"Done":false},{"Time":"2019-04-02T10:59:14","Situation":"flat","Type":"bid","Price":0.02511000,"Amount":4755045.60000000,"Done":false},{"Time":"2019-04-02T11:02:50","Situation":"trend","Type":"bid","Price":0.02511000,"Amount":4755602.90000000,"Done":false},{"Time":"2019-04-02T11:05:12","Situation":"trend","Type":"bid","Price":0.02511000,"Amount":4755602.90000000,"Done":false},{"Time":"2019-04-02T11:09:25","Situation":"trend","Type":"bid","Price":0.02511000,"Amount":4755602.90000000,"Done":false},{"Time":"2019-04-02T11:11:20","Situation":"trend","Type":"bid","Price":0.02511000,"Amount":4755602.90000000,"Done":false},{"Time":"2019-04-02T11:16:20","Situation":"flat","Type":"bid","Price":0.02511000,"Amount":4755602.90000000,"Done":false},{"Time":"2019-04-02T11:21:22","Situation":"flat","Type":"bid","Price":0.02511000,"Amount":4855602.90000000,"Done":false},{"Time":"2019-04-02T15:25:55","Situation":"flat","Type":"bid","Price":0.02555000,"Amount":6550863.60000000,"Done":false},{"Time":"2019-04-02T15:30:55","Situation":"flat","Type":"bid","Price":0.02555000,"Amount":4913709.20000000,"Done":false},{"Time":"2019-04-02T18:00:24","Situation":"flat","Type":"bid","Price":0.02590000,"Amount":5582410.30000000,"Done":false},{"Time":"2019-04-03T16:51:51","Situation":"flat","Type":"bid","Price":0.02814000,"Amount":10847306.50000000,"Done":false},{"Time":"2019-04-03T16:54:31","Situation":"trend","Type":"bid","Price":0.02814000,"Amount":10932785.50000000,"Done":false},{"Time":"2019-04-03T16:59:35","Situation":"flat","Type":"bid","Price":0.02814000,"Amount":10743156.70000000,"Done":false},{"Time":"2019-04-03T17:04:39","Situation":"flat","Type":"bid","Price":0.02814000,"Amount":10726889.40000000,"Done":false},{"Time":"2019-04-03T17:09:13","Situation":"trend","Type":"bid","Price":0.02814000,"Amount":10731947.90000000,"Done":false},{"Time":"2019-04-03T17:14:15","Situation":"flat","Type":"bid","Price":0.02814000,"Amount":10654978.90000000,"Done":false},{"Time":"2019-04-03T17:16:19","Situation":"trend","Type":"bid","Price":0.02814000,"Amount":5972253.10000000,"Done":false},{"Time":"2019-04-03T17:19:55","Situation":"trend","Type":"bid","Price":0.02814000,"Amount":10654978.90000000,"Done":true},{"Time":"2019-04-03T22:12:49","Situation":"trend","Type":"bid","Price":0.02750000,"Amount":7520547.70000000,"Done":false},{"Time":"2019-04-03T22:16:04","Situation":"trend","Type":"bid","Price":0.02750000,"Amount":7007571.50000000,"Done":false},{"Time":"2019-04-03T22:16:34","Situation":"trend","Type":"bid","Price":0.02750000,"Amount":6950353.00000000,"Done":false},{"Time":"2019-04-03T22:21:34","Situation":"flat","Type":"bid","Price":0.02750000,"Amount":6945417.00000000,"Done":false},{"Time":"2019-04-03T22:24:44","Situation":"trend","Type":"bid","Price":0.02750000,"Amount":6945417.00000000,"Done":false},{"Time":"2019-04-03T23:04:44","Situation":"trend","Type":"bid","Price":0.02450000,"Amount":4963722.10000000,"Done":false},{"Time":"2019-04-03T23:05:14","Situation":"trend","Type":"bid","Price":0.02450000,"Amount":4963722.10000000,"Done":false},{"Time":"2019-04-03T23:05:39","Situation":"trend","Type":"bid","Price":0.02450000,"Amount":5004130.20000000,"Done":false},{"Time":"2019-04-03T23:06:06","Situation":"trend","Type":"bid","Price":0.02450000,"Amount":4980740.40000000,"Done":false},{"Time":"2019-04-03T23:06:41","Situation":"trend","Type":"bid","Price":0.02450000,"Amount":4980740.40000000,"Done":false},{"Time":"2019-04-03T23:06:51","Situation":"trend","Type":"bid","Price":0.02450000,"Amount":4982240.40000000,"Done":false},{"Time":"2019-04-03T23:07:48","Situation":"trend","Type":"bid","Price":0.02450000,"Amount":4874876.30000000,"Done":false},{"Time":"2019-04-03T23:09:39","Situation":"trend","Type":"bid","Price":0.02450000,"Amount":4668417.30000000,"Done":false},{"Time":"2019-04-03T23:11:19","Situation":"trend","Type":"bid","Price":0.02450000,"Amount":4444366.20000000,"Done":false},{"Time":"2019-04-03T23:12:24","Situation":"trend","Type":"bid","Price":0.02450000,"Amount":4404842.90000000,"Done":false},{"Time":"2019-04-03T23:12:54","Situation":"trend","Type":"bid","Price":0.02450000,"Amount":4467006.10000000,"Done":false},{"Time":"2019-04-03T23:13:09","Situation":"trend","Type":"bid","Price":0.02450000,"Amount":4404842.90000000,"Done":false},{"Time":"2019-04-03T23:13:29","Situation":"trend","Type":"bid","Price":0.02450000,"Amount":4404842.90000000,"Done":false},{"Time":"2019-04-03T23:13:54","Situation":"trend","Type":"bid","Price":0.02450000,"Amount":4404842.90000000,"Done":false},{"Time":"2019-04-03T23:14:15","Situation":"trend","Type":"bid","Price":0.02450000,"Amount":4406342.90000000,"Done":false},{"Time":"2019-04-03T23:15:30","Situation":"trend","Type":"bid","Price":0.02450000,"Amount":4861419.10000000,"Done":false},{"Time":"2019-04-03T23:16:10","Situation":"trend","Type":"bid","Price":0.02450000,"Amount":4861419.10000000,"Done":false},{"Time":"2019-04-03T23:16:45","Situation":"trend","Type":"bid","Price":0.02450000,"Amount":4861419.10000000,"Done":false},{"Time":"2019-04-03T23:16:54","Situation":"trend","Type":"bid","Price":0.02450000,"Amount":4861419.10000000,"Done":false},{"Time":"2019-04-03T23:17:19","Situation":"trend","Type":"bid","Price":0.02450000,"Amount":4882960.60000000,"Done":false},{"Time":"2019-04-03T23:17:34","Situation":"trend","Type":"bid","Price":0.02450000,"Amount":5304808.40000000,"Done":false},{"Time":"2019-04-03T23:19:00","Situation":"trend","Type":"bid","Price":0.02450000,"Amount":4859188.00000000,"Done":false},{"Time":"2019-04-03T23:19:15","Situation":"trend","Type":"bid","Price":0.02450000,"Amount":4859188.00000000,"Done":false},{"Time":"2019-04-03T23:19:20","Situation":"trend","Type":"bid","Price":0.02450000,"Amount":4859188.00000000,"Done":false},{"Time":"2019-04-03T23:20:29","Situation":"trend","Type":"bid","Price":0.02450000,"Amount":4859188.00000000,"Done":false},{"Time":"2019-04-03T23:21:39","Situation":"trend","Type":"bid","Price":0.02450000,"Amount":4917427.70000000,"Done":false},{"Time":"2019-04-03T23:21:59","Situation":"trend","Type":"bid","Price":0.02450000,"Amount":4990246.80000000,"Done":false},{"Time":"2019-04-03T23:22:09","Situation":"trend","Type":"bid","Price":0.02450000,"Amount":4917427.70000000,"Done":false},{"Time":"2019-04-03T23:22:19","Situation":"trend","Type":"bid","Price":0.02450000,"Amount":4917427.70000000,"Done":false},{"Time":"2019-04-03T23:22:24","Situation":"trend","Type":"bid","Price":0.02450000,"Amount":4917427.70000000,"Done":false},{"Time":"2019-04-03T23:23:54","Situation":"trend","Type":"bid","Price":0.02450000,"Amount":4482528.20000000,"Done":false},{"Time":"2019-04-03T23:25:15","Situation":"trend","Type":"bid","Price":0.02450000,"Amount":4482528.20000000,"Done":false},{"Time":"2019-04-03T23:25:25","Situation":"trend","Type":"bid","Price":0.02450000,"Amount":4482528.20000000,"Done":false},{"Time":"2019-04-03T23:25:30","Situation":"trend","Type":"bid","Price":0.02450000,"Amount":4482528.20000000,"Done":false},{"Time":"2019-04-03T23:26:35","Situation":"trend","Type":"bid","Price":0.02450000,"Amount":4483230.30000000,"Done":false},{"Time":"2019-04-03T23:28:40","Situation":"trend","Type":"bid","Price":0.02450000,"Amount":4424990.60000000,"Done":false},{"Time":"2019-04-03T23:29:20","Situation":"trend","Type":"bid","Price":0.02450000,"Amount":4424990.60000000,"Done":false},{"Time":"2019-04-03T23:30:50","Situation":"trend","Type":"bid","Price":0.02450000,"Amount":4492928.30000000,"Done":false},{"Time":"2019-04-03T23:32:51","Situation":"trend","Type":"bid","Price":0.02450000,"Amount":4492928.30000000,"Done":false},{"Time":"2019-04-03T23:33:53","Situation":"trend","Type":"bid","Price":0.02450000,"Amount":4486093.80000000,"Done":false},{"Time":"2019-04-03T23:34:33","Situation":"trend","Type":"bid","Price":0.02450000,"Amount":4486093.80000000,"Done":false},{"Time":"2019-04-03T23:35:55","Situation":"trend","Type":"bid","Price":0.02450000,"Amount":4486093.80000000,"Done":false},{"Time":"2019-04-03T23:36:30","Situation":"trend","Type":"bid","Price":0.02450000,"Amount":4486093.80000000,"Done":false},{"Time":"2019-04-03T23:37:25","Situation":"trend","Type":"bid","Price":0.02450000,"Amount":4427854.10000000,"Done":false},{"Time":"2019-04-03T23:38:05","Situation":"trend","Type":"bid","Price":0.02450000,"Amount":4937409.00000000,"Done":false},{"Time":"2019-04-03T23:39:00","Situation":"trend","Type":"bid","Price":0.02450000,"Amount":4937409.00000000,"Done":false},{"Time":"2019-04-03T23:42:00","Situation":"trend","Type":"bid","Price":0.02450000,"Amount":4965080.20000000,"Done":false},{"Time":"2019-04-03T23:43:30","Situation":"trend","Type":"bid","Price":0.02450000,"Amount":4958155.80000000,"Done":false},{"Time":"2019-04-03T23:52:37","Situation":"trend","Type":"bid","Price":0.02450000,"Amount":4961155.80000000,"Done":false},{"Time":"2019-04-03T23:53:48","Situation":"trend","Type":"bid","Price":0.02450000,"Amount":4961155.80000000,"Done":false},{"Time":"2019-04-03T23:55:20","Situation":"trend","Type":"bid","Price":0.02450000,"Amount":4961155.80000000,"Done":false},{"Time":"2019-04-03T23:55:41","Situation":"trend","Type":"bid","Price":0.02450000,"Amount":4961155.80000000,"Done":false},{"Time":"2019-04-03T23:58:23","Situation":"trend","Type":"bid","Price":0.02450000,"Amount":5016120.40000000,"Done":false},{"Time":"2019-04-04T00:02:50","Situation":"trend","Type":"bid","Price":0.02450000,"Amount":5016120.40000000,"Done":false},{"Time":"2019-04-04T00:03:30","Situation":"trend","Type":"bid","Price":0.02450000,"Amount":5321372.80000000,"Done":false},{"Time":"2019-04-04T00:04:52","Situation":"trend","Type":"bid","Price":0.02450000,"Amount":5321372.80000000,"Done":false},{"Time":"2019-04-04T00:05:37","Situation":"trend","Type":"bid","Price":0.02450000,"Amount":5321372.80000000,"Done":false},{"Time":"2019-04-04T00:06:05","Situation":"trend","Type":"bid","Price":0.02450000,"Amount":5321372.80000000,"Done":false},{"Time":"2019-04-04T00:06:45","Situation":"trend","Type":"bid","Price":0.02450000,"Amount":5321372.80000000,"Done":false},{"Time":"2019-04-04T00:08:44","Situation":"trend","Type":"bid","Price":0.02450000,"Amount":4811817.90000000,"Done":false},{"Time":"2019-04-04T00:13:30","Situation":"trend","Type":"bid","Price":0.02450000,"Amount":5016120.40000000,"Done":false},{"Time":"2019-04-04T00:15:40","Situation":"trend","Type":"bid","Price":0.02450000,"Amount":5016120.40000000,"Done":false},{"Time":"2019-04-04T00:17:40","Situation":"trend","Type":"bid","Price":0.02450000,"Amount":5020777.40000000,"Done":false},{"Time":"2019-04-04T00:18:05","Situation":"trend","Type":"bid","Price":0.02450000,"Amount":5020777.40000000,"Done":false},{"Time":"2019-04-04T00:42:30","Situation":"flat","Type":"bid","Price":0.02450000,"Amount":5016738.80000000,"Done":false},{"Time":"2019-04-04T00:43:25","Situation":"trend","Type":"bid","Price":0.02450000,"Amount":5016738.80000000,"Done":false},{"Time":"2019-04-04T00:48:09","Situation":"trend","Type":"bid","Price":0.02450000,"Amount":5016738.80000000,"Done":true},{"Time":"2019-04-04T04:41:20","Situation":"flat","Type":"bid","Price":0.02550000,"Amount":9977879.80000000,"Done":false},{"Time":"2019-04-04T19:39:24","Situation":"flat","Type":"bid","Price":0.02451000,"Amount":5550665.20000000,"Done":false},{"Time":"2019-04-04T19:44:24","Situation":"flat","Type":"bid","Price":0.02451000,"Amount":5550665.20000000,"Done":false},{"Time":"2019-04-04T19:49:28","Situation":"flat","Type":"bid","Price":0.02451000,"Amount":5550665.20000000,"Done":false},{"Time":"2019-04-04T19:49:33","Situation":"trend","Type":"bid","Price":0.02451000,"Amount":5550665.20000000,"Done":false},{"Time":"2019-04-04T19:54:09","Situation":"trend","Type":"bid","Price":0.02451000,"Amount":5552665.20000000,"Done":false},{"Time":"2019-04-04T19:56:45","Situation":"trend","Type":"bid","Price":0.02451000,"Amount":5550665.20000000,"Done":false},{"Time":"2019-04-04T20:01:49","Situation":"flat","Type":"bid","Price":0.02451000,"Amount":5550665.20000000,"Done":false},{"Time":"2019-04-04T20:02:08","Situation":"trend","Type":"bid","Price":0.02451000,"Amount":5550665.20000000,"Done":false},{"Time":"2019-04-04T20:07:09","Situation":"flat","Type":"bid","Price":0.02451000,"Amount":5550665.20000000,"Done":false},{"Time":"2019-04-04T20:08:19","Situation":"trend","Type":"bid","Price":0.02451000,"Amount":5550665.20000000,"Done":false},{"Time":"2019-04-04T20:13:19","Situation":"flat","Type":"bid","Price":0.02451000,"Amount":5550665.20000000,"Done":false},{"Time":"2019-04-04T20:17:15","Situation":"trend","Type":"bid","Price":0.02451000,"Amount":5550665.20000000,"Done":false},{"Time":"2019-04-04T20:22:15","Situation":"flat","Type":"bid","Price":0.02451000,"Amount":5550665.20000000,"Done":false},{"Time":"2019-04-04T20:27:15","Situation":"flat","Type":"bid","Price":0.02451000,"Amount":5562165.20000000,"Done":false},{"Time":"2019-04-04T21:23:29","Situation":"flat","Type":"bid","Price":0.02501000,"Amount":4876721.50000000,"Done":false},{"Time":"2019-04-04T21:28:30","Situation":"flat","Type":"bid","Price":0.02501000,"Amount":4876721.50000000,"Done":false},{"Time":"2019-04-04T21:33:30","Situation":"flat","Type":"bid","Price":0.02501000,"Amount":4876721.50000000,"Done":false},{"Time":"2019-04-04T21:35:05","Situation":"trend","Type":"bid","Price":0.02501000,"Amount":4876721.50000000,"Done":false},{"Time":"2019-04-04T21:40:05","Situation":"flat","Type":"bid","Price":0.02501000,"Amount":4876721.50000000,"Done":false},{"Time":"2019-04-04T21:45:08","Situation":"flat","Type":"bid","Price":0.02501000,"Amount":4876721.50000000,"Done":false},{"Time":"2019-04-04T21:50:10","Situation":"flat","Type":"bid","Price":0.02501000,"Amount":4876721.50000000,"Done":false},{"Time":"2019-04-04T21:55:10","Situation":"flat","Type":"bid","Price":0.02501000,"Amount":4890755.70000000,"Done":false},{"Time":"2019-04-04T22:00:10","Situation":"flat","Type":"bid","Price":0.02501000,"Amount":4890755.70000000,"Done":false},{"Time":"2019-04-04T22:05:14","Situation":"flat","Type":"bid","Price":0.02501000,"Amount":4890755.70000000,"Done":false},{"Time":"2019-04-04T22:10:14","Situation":"flat","Type":"bid","Price":0.02501000,"Amount":4890755.70000000,"Done":false},{"Time":"2019-04-04T22:13:45","Situation":"trend","Type":"bid","Price":0.02501000,"Amount":4890755.70000000,"Done":false},{"Time":"2019-04-04T22:18:49","Situation":"flat","Type":"bid","Price":0.02501000,"Amount":4890755.70000000,"Done":false},{"Time":"2019-04-04T22:23:17","Situation":"trend","Type":"bid","Price":0.02501000,"Amount":4890755.70000000,"Done":false},{"Time":"2019-04-04T22:28:19","Situation":"flat","Type":"bid","Price":0.02501000,"Amount":5398564.00000000,"Done":false},{"Time":"2019-04-04T22:33:20","Situation":"flat","Type":"bid","Price":0.02501000,"Amount":5398564.00000000,"Done":false},{"Time":"2019-04-04T22:38:20","Situation":"flat","Type":"bid","Price":0.02501000,"Amount":5398564.00000000,"Done":false},{"Time":"2019-04-04T22:43:22","Situation":"flat","Type":"bid","Price":0.02501000,"Amount":5405975.70000000,"Done":false},{"Time":"2019-04-04T22:48:24","Situation":"flat","Type":"bid","Price":0.02501000,"Amount":5405975.70000000,"Done":false},{"Time":"2019-04-04T22:53:25","Situation":"flat","Type":"bid","Price":0.02501000,"Amount":5405975.70000000,"Done":false},{"Time":"2019-04-04T22:58:25","Situation":"flat","Type":"bid","Price":0.02501000,"Amount":5407975.70000000,"Done":false},{"Time":"2019-04-06T07:18:24","Situation":"flat","Type":"bid","Price":0.02682000,"Amount":7957527.30000000,"Done":false}],"TradeHistory":[{"Time":"2019-04-01T00:30:25","Situation":"flat","Id":"8751927","Type":"market","Side":"buy","OrderTime":"2019-04-01T00:27:34","Price":0.02332000,"Amount":415805.30000000},{"Time":"2019-04-01T00:30:25","Situation":"flat","Id":"8751932","Type":"market","Side":"buy","OrderTime":"2019-04-01T00:27:38","Price":0.02331000,"Amount":369679.90000000},{"Time":"2019-04-01T00:42:15","Situation":"flat","Id":"8752111","Type":"market","Side":"sell","OrderTime":"2019-04-01T00:37:27","Price":0.02340000,"Amount":453043.60000000},{"Time":"2019-04-01T00:42:15","Situation":"flat","Id":"8752113","Type":"market","Side":"sell","OrderTime":"2019-04-01T00:37:28","Price":0.02340000,"Amount":379201.40000000},{"Time":"2019-04-01T01:07:27","Situation":"flat","Id":"8752454","Type":"market","Side":"sell","OrderTime":"2019-04-01T01:07:21","Price":0.02356000,"Amount":318080.00000000},{"Time":"2019-04-01T03:28:20","Situation":"flat","Id":"8753273","Type":"market","Side":"sell","OrderTime":"2019-04-01T03:26:01","Price":0.02345000,"Amount":326586.10000000},{"Time":"2019-04-01T04:58:50","Situation":"flat","Id":"8753722","Type":"market","Side":"buy","OrderTime":"2019-04-01T04:55:10","Price":0.02353000,"Amount":500000.00000000},{"Time":"2019-04-01T06:14:30","Situation":"flat","Id":"8754106","Type":"market","Side":"buy","OrderTime":"2019-04-01T06:10:56","Price":0.02353000,"Amount":433523.70000000},{"Time":"2019-04-01T06:34:35","Situation":"flat","Id":"8754236","Type":"market","Side":"buy","OrderTime":"2019-04-01T06:34:07","Price":0.02356000,"Amount":424448.20000000},{"Time":"2019-04-01T06:39:37","Situation":"flat","Id":"8754248","Type":"market","Side":"buy","OrderTime":"2019-04-01T06:35:08","Price":0.02356000,"Amount":403550.30000000},{"Time":"2019-04-01T06:39:37","Situation":"flat","Id":"8754282","Type":"market","Side":"buy","OrderTime":"2019-04-01T06:36:54","Price":0.02356000,"Amount":412369.90000000},{"Time":"2019-04-01T06:39:37","Situation":"flat","Id":"8754293","Type":"market","Side":"buy","OrderTime":"2019-04-01T06:37:46","Price":0.02356000,"Amount":424448.10000000},{"Time":"2019-04-01T06:39:37","Situation":"flat","Id":"8754295","Type":"market","Side":"buy","OrderTime":"2019-04-01T06:38:00","Price":0.02356000,"Amount":424448.10000000},{"Time":"2019-04-01T06:39:37","Situation":"flat","Id":"8754308","Type":"market","Side":"buy","OrderTime":"2019-04-01T06:39:10","Price":0.02356000,"Amount":1560612.80000000},{"Time":"2019-04-01T06:39:37","Situation":"flat","Id":"8754311","Type":"market","Side":"buy","OrderTime":"2019-04-01T06:39:10","Price":0.02357000,"Amount":440387.90000000},{"Time":"2019-04-01T07:24:52","Situation":"flat","Id":"8754694","Type":"market","Side":"sell","OrderTime":"2019-04-01T07:21:05","Price":0.02353000,"Amount":327356.70000000},{"Time":"2019-04-01T09:25:38","Situation":"flat","Id":"8755369","Type":"market","Side":"sell","OrderTime":"2019-04-01T09:24:49","Price":0.02358000,"Amount":440654.70000000},{"Time":"2019-04-01T12:11:51","Situation":"flat","Id":"8756059","Type":"market","Side":"sell","OrderTime":"2019-04-01T12:11:34","Price":0.02345000,"Amount":426096.40000000},{"Time":"2019-04-01T12:52:13","Situation":"flat","Id":"8756249","Type":"market","Side":"sell","OrderTime":"2019-04-01T12:47:16","Price":0.02358000,"Amount":303685.10000000},{"Time":"2019-04-01T14:12:42","Situation":"flat","Id":"8756745","Type":"market","Side":"sell","OrderTime":"2019-04-01T14:11:23","Price":0.02356000,"Amount":366455.70000000},{"Time":"2019-04-01T14:27:52","Situation":"flat","Id":"8756840","Type":"market","Side":"buy","OrderTime":"2019-04-01T14:25:09","Price":0.02360000,"Amount":496790.20000000},{"Time":"2019-04-01T15:13:22","Situation":"trend","Id":"8757190","Type":"market","Side":"buy","OrderTime":"2019-04-01T15:11:03","Price":0.02369000,"Amount":711493.40000000},{"Time":"2019-04-01T15:18:10","Situation":"trend","Id":"8757410","Type":"market","Side":"buy","OrderTime":"2019-04-01T15:17:34","Price":0.02389000,"Amount":329110.30000000},{"Time":"2019-04-01T15:18:10","Situation":"trend","Id":"8757427","Type":"market","Side":"sell","OrderTime":"2019-04-01T15:17:37","Price":0.02391000,"Amount":321223.10000000},{"Time":"2019-04-01T15:18:10","Situation":"trend","Id":"8757504","Type":"market","Side":"buy","OrderTime":"2019-04-01T15:18:01","Price":0.02395000,"Amount":331720.60000000},{"Time":"2019-04-01T15:18:10","Situation":"trend","Id":"8757513","Type":"market","Side":"sell","OrderTime":"2019-04-01T15:18:02","Price":0.02395000,"Amount":450250.50000000},{"Time":"2019-04-01T15:18:10","Situation":"trend","Id":"8757524","Type":"market","Side":"buy","OrderTime":"2019-04-01T15:18:02","Price":0.02398000,"Amount":561499.40000000},{"Time":"2019-04-01T15:18:10","Situation":"trend","Id":"8757535","Type":"market","Side":"buy","OrderTime":"2019-04-01T15:18:03","Price":0.02399000,"Amount":773228.10000000},{"Time":"2019-04-01T15:18:10","Situation":"trend","Id":"8757536","Type":"market","Side":"buy","OrderTime":"2019-04-01T15:18:03","Price":0.02399000,"Amount":773098.80000000},{"Time":"2019-04-01T15:19:43","Situation":"trend","Id":"8757570","Type":"market","Side":"buy","OrderTime":"2019-04-01T15:18:19","Price":0.02399000,"Amount":355896.00000000},{"Time":"2019-04-01T15:19:43","Situation":"trend","Id":"8757618","Type":"market","Side":"buy","OrderTime":"2019-04-01T15:19:04","Price":0.02400000,"Amount":887828.10000000},{"Time":"2019-04-01T15:19:43","Situation":"trend","Id":"8757672","Type":"market","Side":"buy","OrderTime":"2019-04-01T15:19:25","Price":0.02406000,"Amount":352642.60000000},{"Time":"2019-04-01T15:20:51","Situation":"trend","Id":"8757715","Type":"market","Side":"buy","OrderTime":"2019-04-01T15:19:47","Price":0.02410000,"Amount":390654.50000000},{"Time":"2019-04-01T15:20:51","Situation":"trend","Id":"8757763","Type":"market","Side":"sell","OrderTime":"2019-04-01T15:20:13","Price":0.02411000,"Amount":379594.00000000},{"Time":"2019-04-01T15:20:51","Situation":"trend","Id":"8757824","Type":"market","Side":"sell","OrderTime":"2019-04-01T15:20:47","Price":0.02400000,"Amount":524612.90000000},{"Time":"2019-04-01T15:22:30","Situation":"trend","Id":"8758046","Type":"market","Side":"buy","OrderTime":"2019-04-01T15:21:08","Price":0.02409000,"Amount":301136.70000000},{"Time":"2019-04-01T15:22:30","Situation":"trend","Id":"8758173","Type":"market","Side":"sell","OrderTime":"2019-04-01T15:22:09","Price":0.02413000,"Amount":449072.70000000},{"Time":"2019-04-01T15:26:22","Situation":"trend","Id":"8758564","Type":"market","Side":"sell","OrderTime":"2019-04-01T15:26:07","Price":0.02421000,"Amount":756966.50000000},{"Time":"2019-04-01T15:28:32","Situation":"trend","Id":"8758642","Type":"market","Side":"sell","OrderTime":"2019-04-01T15:26:41","Price":0.02407000,"Amount":405273.00000000},{"Time":"2019-04-01T15:28:32","Situation":"trend","Id":"8758662","Type":"market","Side":"buy","OrderTime":"2019-04-01T15:26:44","Price":0.02407000,"Amount":326197.00000000},{"Time":"2019-04-01T15:31:51","Situation":"trend","Id":"8758971","Type":"market","Side":"buy","OrderTime":"2019-04-01T15:30:32","Price":0.02430000,"Amount":1254657.70000000},{"Time":"2019-04-01T15:31:51","Situation":"trend","Id":"8759048","Type":"market","Side":"sell","OrderTime":"2019-04-01T15:31:37","Price":0.02420000,"Amount":656913.40000000},{"Time":"2019-04-01T15:34:10","Situation":"trend","Id":"8759204","Type":"market","Side":"buy","OrderTime":"2019-04-01T15:34:08","Price":0.02431000,"Amount":699028.70000000},{"Time":"2019-04-01T15:39:11","Situation":"flat","Id":"8759248","Type":"market","Side":"sell","OrderTime":"2019-04-01T15:35:10","Price":0.02430000,"Amount":515725.90000000},{"Time":"2019-04-01T15:39:11","Situation":"flat","Id":"8759429","Type":"market","Side":"buy","OrderTime":"2019-04-01T15:38:58","Price":0.02430000,"Amount":310869.10000000},{"Time":"2019-04-01T15:50:24","Situation":"flat","Id":"8759719","Type":"market","Side":"buy","OrderTime":"2019-04-01T15:45:58","Price":0.02402000,"Amount":423957.90000000},{"Time":"2019-04-01T16:00:30","Situation":"flat","Id":"8759989","Type":"market","Side":"sell","OrderTime":"2019-04-01T15:58:11","Price":0.02406000,"Amount":527260.50000000},{"Time":"2019-04-01T16:18:42","Situation":"trend","Id":"8760519","Type":"market","Side":"buy","OrderTime":"2019-04-01T16:18:38","Price":0.02435000,"Amount":1852657.90000000},{"Time":"2019-04-01T16:21:06","Situation":"trend","Id":"8760557","Type":"market","Side":"buy","OrderTime":"2019-04-01T16:19:25","Price":0.02440000,"Amount":682027.70000000},{"Time":"2019-04-01T16:21:06","Situation":"trend","Id":"8760675","Type":"market","Side":"sell","OrderTime":"2019-04-01T16:21:06","Price":0.02450000,"Amount":335110.80000000},{"Time":"2019-04-01T16:23:51","Situation":"trend","Id":"8760761","Type":"market","Side":"buy","OrderTime":"2019-04-01T16:21:58","Price":0.02461000,"Amount":487539.30000000},{"Time":"2019-04-01T16:23:51","Situation":"trend","Id":"8760906","Type":"market","Side":"sell","OrderTime":"2019-04-01T16:23:14","Price":0.02466000,"Amount":764628.30000000},{"Time":"2019-04-01T16:27:31","Situation":"trend","Id":"8761695","Type":"market","Side":"buy","OrderTime":"2019-04-01T16:27:13","Price":0.02470000,"Amount":408522.00000000},{"Time":"2019-04-01T16:31:10","Situation":"trend","Id":"8762031","Type":"market","Side":"buy","OrderTime":"2019-04-01T16:28:43","Price":0.02471000,"Amount":527641.00000000},{"Time":"2019-04-01T16:31:10","Situation":"trend","Id":"8762172","Type":"market","Side":"sell","OrderTime":"2019-04-01T16:29:34","Price":0.02482000,"Amount":307180.60000000},{"Time":"2019-04-01T16:36:01","Situation":"trend","Id":"8762512","Type":"market","Side":"buy","OrderTime":"2019-04-01T16:34:30","Price":0.02500000,"Amount":313861.40000000},{"Time":"2019-04-01T16:36:01","Situation":"trend","Id":"8762522","Type":"market","Side":"sell","OrderTime":"2019-04-01T16:34:31","Price":0.02502000,"Amount":437741.10000000},{"Time":"2019-04-01T16:43:25","Situation":"trend","Id":"8763053","Type":"market","Side":"buy","OrderTime":"2019-04-01T16:43:11","Price":0.02464000,"Amount":302044.80000000},{"Time":"2019-04-01T16:43:25","Situation":"trend","Id":"8763069","Type":"market","Side":"sell","OrderTime":"2019-04-01T16:43:19","Price":0.02454000,"Amount":428254.60000000},{"Time":"2019-04-01T16:43:45","Situation":"trend","Id":"8763123","Type":"market","Side":"sell","OrderTime":"2019-04-01T16:43:35","Price":0.02460000,"Amount":303436.10000000},{"Time":"2019-04-01T16:43:45","Situation":"trend","Id":"8763149","Type":"market","Side":"buy","OrderTime":"2019-04-01T16:43:36","Price":0.02465000,"Amount":313542.20000000},{"Time":"2019-04-01T16:47:22","Situation":"trend","Id":"8763429","Type":"market","Side":"sell","OrderTime":"2019-04-01T16:46:50","Price":0.02452000,"Amount":483220.40000000},{"Time":"2019-04-01T16:48:22","Situation":"trend","Id":"8763688","Type":"market","Side":"buy","OrderTime":"2019-04-01T16:48:20","Price":0.02480000,"Amount":533212.90000000},{"Time":"2019-04-01T16:48:47","Situation":"trend","Id":"8763749","Type":"market","Side":"sell","OrderTime":"2019-04-01T16:48:43","Price":0.02464000,"Amount":353586.10000000},{"Time":"2019-04-01T16:48:47","Situation":"trend","Id":"8763751","Type":"market","Side":"sell","OrderTime":"2019-04-01T16:48:43","Price":0.02463000,"Amount":439762.20000000},{"Time":"2019-04-01T17:20:11","Situation":"flat","Id":"8764515","Type":"market","Side":"sell","OrderTime":"2019-04-01T17:17:20","Price":0.02444000,"Amount":300078.80000000},{"Time":"2019-04-01T17:20:11","Situation":"flat","Id":"8764516","Type":"market","Side":"sell","OrderTime":"2019-04-01T17:17:20","Price":0.02443000,"Amount":332414.00000000},{"Time":"2019-04-01T17:20:11","Situation":"flat","Id":"8764519","Type":"market","Side":"buy","OrderTime":"2019-04-01T17:17:20","Price":0.02441000,"Amount":317180.80000000},{"Time":"2019-04-01T17:24:36","Situation":"trend","Id":"8764632","Type":"market","Side":"buy","OrderTime":"2019-04-01T17:24:29","Price":0.02458000,"Amount":337139.40000000},{"Time":"2019-04-01T17:29:37","Situation":"flat","Id":"8764676","Type":"market","Side":"sell","OrderTime":"2019-04-01T17:25:02","Price":0.02461000,"Amount":381051.40000000},{"Time":"2019-04-01T17:33:41","Situation":"trend","Id":"8764832","Type":"market","Side":"buy","OrderTime":"2019-04-01T17:33:00","Price":0.02448000,"Amount":333377.00000000},{"Time":"2019-04-01T17:33:41","Situation":"trend","Id":"8764838","Type":"market","Side":"buy","OrderTime":"2019-04-01T17:33:05","Price":0.02449000,"Amount":719359.40000000},{"Time":"2019-04-01T17:43:47","Situation":"flat","Id":"8764904","Type":"market","Side":"sell","OrderTime":"2019-04-01T17:38:48","Price":0.02455000,"Amount":1326925.30000000},{"Time":"2019-04-01T18:01:46","Situation":"trend","Id":"8765177","Type":"market","Side":"buy","OrderTime":"2019-04-01T18:01:41","Price":0.02448000,"Amount":373696.80000000},{"Time":"2019-04-01T18:10:47","Situation":"flat","Id":"8765372","Type":"market","Side":"sell","OrderTime":"2019-04-01T18:08:48","Price":0.02431000,"Amount":384016.30000000},{"Time":"2019-04-01T18:30:56","Situation":"flat","Id":"8765558","Type":"market","Side":"buy","OrderTime":"2019-04-01T18:28:45","Price":0.02435000,"Amount":346295.90000000},{"Time":"2019-04-01T18:30:56","Situation":"flat","Id":"8765560","Type":"market","Side":"buy","OrderTime":"2019-04-01T18:28:47","Price":0.02435000,"Amount":394753.60000000},{"Time":"2019-04-01T18:40:57","Situation":"flat","Id":"8765638","Type":"market","Side":"buy","OrderTime":"2019-04-01T18:37:07","Price":0.02428000,"Amount":321500.20000000},{"Time":"2019-04-01T18:47:45","Situation":"flat","Id":"8765742","Type":"market","Side":"sell","OrderTime":"2019-04-01T18:45:06","Price":0.02438000,"Amount":337263.80000000},{"Time":"2019-04-01T18:57:51","Situation":"flat","Id":"8765899","Type":"market","Side":"buy","OrderTime":"2019-04-01T18:57:12","Price":0.02435000,"Amount":315732.80000000},{"Time":"2019-04-01T19:40:12","Situation":"trend","Id":"8766247","Type":"market","Side":"buy","OrderTime":"2019-04-01T19:38:26","Price":0.02470000,"Amount":363542.60000000},{"Time":"2019-04-01T19:40:12","Situation":"trend","Id":"8766251","Type":"market","Side":"buy","OrderTime":"2019-04-01T19:38:27","Price":0.02471000,"Amount":384417.60000000},{"Time":"2019-04-01T19:40:12","Situation":"trend","Id":"8766259","Type":"market","Side":"buy","OrderTime":"2019-04-01T19:38:29","Price":0.02474000,"Amount":390198.10000000},{"Time":"2019-04-01T20:50:10","Situation":"flat","Id":"8767172","Type":"market","Side":"sell","OrderTime":"2019-04-01T20:47:54","Price":0.02483000,"Amount":315999.90000000},{"Time":"2019-04-01T21:00:24","Situation":"trend","Id":"8767437","Type":"market","Side":"sell","OrderTime":"2019-04-01T20:57:30","Price":0.02472000,"Amount":301426.20000000},{"Time":"2019-04-01T21:26:54","Situation":"flat","Id":"8767885","Type":"market","Side":"buy","OrderTime":"2019-04-01T21:22:09","Price":0.02458000,"Amount":404084.60000000},{"Time":"2019-04-01T21:26:54","Situation":"flat","Id":"8767888","Type":"market","Side":"buy","OrderTime":"2019-04-01T21:22:10","Price":0.02459000,"Amount":405803.10000000},{"Time":"2019-04-01T21:29:49","Situation":"trend","Id":"8768023","Type":"market","Side":"sell","OrderTime":"2019-04-01T21:29:47","Price":0.02447000,"Amount":444671.50000000},{"Time":"2019-04-01T21:54:25","Situation":"flat","Id":"8768274","Type":"market","Side":"sell","OrderTime":"2019-04-01T21:50:19","Price":0.02450000,"Amount":996914.60000000},{"Time":"2019-04-01T22:09:25","Situation":"flat","Id":"8768382","Type":"market","Side":"buy","OrderTime":"2019-04-01T22:05:04","Price":0.02441000,"Amount":333880.00000000},{"Time":"2019-04-01T22:54:39","Situation":"flat","Id":"8768684","Type":"market","Side":"buy","OrderTime":"2019-04-01T22:53:18","Price":0.02432000,"Amount":371845.40000000},{"Time":"2019-04-01T22:59:43","Situation":"flat","Id":"8768739","Type":"market","Side":"sell","OrderTime":"2019-04-01T22:58:52","Price":0.02436000,"Amount":500000.00000000},{"Time":"2019-04-01T22:59:43","Situation":"flat","Id":"8768744","Type":"market","Side":"sell","OrderTime":"2019-04-01T22:58:52","Price":0.02436000,"Amount":1117147.70000000},{"Time":"2019-04-01T23:19:44","Situation":"flat","Id":"8768991","Type":"market","Side":"sell","OrderTime":"2019-04-01T23:18:07","Price":0.02432000,"Amount":304901.20000000},{"Time":"2019-04-01T23:44:45","Situation":"trend","Id":"8769282","Type":"market","Side":"sell","OrderTime":"2019-04-01T23:40:20","Price":0.02429000,"Amount":361153.90000000},{"Time":"2019-04-01T23:44:45","Situation":"trend","Id":"8769334","Type":"market","Side":"sell","OrderTime":"2019-04-01T23:41:21","Price":0.02429000,"Amount":364314.20000000},{"Time":"2019-04-01T23:44:45","Situation":"trend","Id":"8769382","Type":"market","Side":"sell","OrderTime":"2019-04-01T23:44:39","Price":0.02419000,"Amount":403258.00000000},{"Time":"2019-04-02T00:06:54","Situation":"flat","Id":"8769626","Type":"market","Side":"buy","OrderTime":"2019-04-02T00:05:32","Price":0.02435000,"Amount":346392.70000000},{"Time":"2019-04-02T00:13:55","Situation":"flat","Id":"8769729","Type":"market","Side":"buy","OrderTime":"2019-04-02T00:10:18","Price":0.02450000,"Amount":408166.10000000},{"Time":"2019-04-02T00:37:29","Situation":"trend","Id":"8770094","Type":"market","Side":"sell","OrderTime":"2019-04-02T00:37:15","Price":0.02479000,"Amount":477508.10000000},{"Time":"2019-04-02T00:37:29","Situation":"trend","Id":"8770130","Type":"market","Side":"sell","OrderTime":"2019-04-02T00:37:17","Price":0.02471000,"Amount":518732.70000000},{"Time":"2019-04-02T00:53:49","Situation":"trend","Id":"8770496","Type":"market","Side":"buy","OrderTime":"2019-04-02T00:50:47","Price":0.02473000,"Amount":313450.00000000},{"Time":"2019-04-02T01:04:26","Situation":"trend","Id":"8770884","Type":"market","Side":"sell","OrderTime":"2019-04-02T01:04:07","Price":0.02490000,"Amount":310380.10000000},{"Time":"2019-04-02T01:09:29","Situation":"flat","Id":"8770989","Type":"market","Side":"sell","OrderTime":"2019-04-02T01:07:41","Price":0.02484000,"Amount":314316.10000000},{"Time":"2019-04-02T01:32:44","Situation":"trend","Id":"8771294","Type":"market","Side":"buy","OrderTime":"2019-04-02T01:32:42","Price":0.02500000,"Amount":559474.30000000},{"Time":"2019-04-02T01:32:44","Situation":"trend","Id":"8771297","Type":"market","Side":"sell","OrderTime":"2019-04-02T01:32:42","Price":0.02491000,"Amount":413185.30000000},{"Time":"2019-04-02T01:32:44","Situation":"trend","Id":"8771299","Type":"market","Side":"buy","OrderTime":"2019-04-02T01:32:42","Price":0.02490000,"Amount":646805.30000000},{"Time":"2019-04-02T01:40:35","Situation":"trend","Id":"8771530","Type":"market","Side":"sell","OrderTime":"2019-04-02T01:38:24","Price":0.02513000,"Amount":364619.90000000},{"Time":"2019-04-02T01:42:26","Situation":"trend","Id":"8771706","Type":"market","Side":"buy","OrderTime":"2019-04-02T01:42:22","Price":0.02538000,"Amount":330096.50000000},{"Time":"2019-04-02T01:44:45","Situation":"trend","Id":"8771755","Type":"market","Side":"buy","OrderTime":"2019-04-02T01:43:08","Price":0.02538000,"Amount":360040.90000000},{"Time":"2019-04-02T01:44:45","Situation":"trend","Id":"8771852","Type":"market","Side":"buy","OrderTime":"2019-04-02T01:44:29","Price":0.02542000,"Amount":333021.90000000},{"Time":"2019-04-02T01:44:45","Situation":"trend","Id":"8771895","Type":"market","Side":"sell","OrderTime":"2019-04-02T01:44:41","Price":0.02527000,"Amount":413785.80000000},{"Time":"2019-04-02T01:44:45","Situation":"trend","Id":"8771896","Type":"market","Side":"sell","OrderTime":"2019-04-02T01:44:41","Price":0.02526000,"Amount":408402.10000000},{"Time":"2019-04-02T01:44:45","Situation":"trend","Id":"8771898","Type":"market","Side":"sell","OrderTime":"2019-04-02T01:44:41","Price":0.02524000,"Amount":1100765.40000000},{"Time":"2019-04-02T01:44:45","Situation":"trend","Id":"8771907","Type":"market","Side":"buy","OrderTime":"2019-04-02T01:44:41","Price":0.02515000,"Amount":1560806.20000000},{"Time":"2019-04-02T01:44:45","Situation":"trend","Id":"8771969","Type":"market","Side":"sell","OrderTime":"2019-04-02T01:44:43","Price":0.02523000,"Amount":382554.60000000},{"Time":"2019-04-02T01:49:55","Situation":"trend","Id":"8772201","Type":"market","Side":"sell","OrderTime":"2019-04-02T01:45:28","Price":0.02535000,"Amount":368605.60000000},{"Time":"2019-04-02T01:49:55","Situation":"trend","Id":"8772322","Type":"market","Side":"sell","OrderTime":"2019-04-02T01:48:05","Price":0.02527000,"Amount":321642.00000000},{"Time":"2019-04-02T01:49:55","Situation":"trend","Id":"8772326","Type":"market","Side":"sell","OrderTime":"2019-04-02T01:48:05","Price":0.02523000,"Amount":329056.30000000},{"Time":"2019-04-02T01:49:55","Situation":"trend","Id":"8772365","Type":"market","Side":"buy","OrderTime":"2019-04-02T01:49:48","Price":0.02537000,"Amount":405671.10000000},{"Time":"2019-04-02T01:49:55","Situation":"trend","Id":"8772367","Type":"market","Side":"buy","OrderTime":"2019-04-02T01:49:48","Price":0.02539000,"Amount":313035.70000000},{"Time":"2019-04-02T01:49:55","Situation":"trend","Id":"8772369","Type":"market","Side":"buy","OrderTime":"2019-04-02T01:49:48","Price":0.02542000,"Amount":967252.30000000},{"Time":"2019-04-02T01:49:55","Situation":"trend","Id":"8772376","Type":"market","Side":"buy","OrderTime":"2019-04-02T01:49:48","Price":0.02550000,"Amount":795181.70000000},{"Time":"2019-04-02T01:54:55","Situation":"flat","Id":"8772529","Type":"market","Side":"sell","OrderTime":"2019-04-02T01:52:40","Price":0.02528000,"Amount":355529.80000000},{"Time":"2019-04-02T01:57:20","Situation":"trend","Id":"8772631","Type":"market","Side":"sell","OrderTime":"2019-04-02T01:55:53","Price":0.02549000,"Amount":319996.80000000},{"Time":"2019-04-02T01:57:20","Situation":"trend","Id":"8772690","Type":"market","Side":"buy","OrderTime":"2019-04-02T01:56:49","Price":0.02555000,"Amount":441776.80000000},{"Time":"2019-04-02T01:57:20","Situation":"trend","Id":"8772702","Type":"market","Side":"sell","OrderTime":"2019-04-02T01:56:49","Price":0.02565000,"Amount":4134465.70000000},{"Time":"2019-04-02T02:06:59","Situation":"trend","Id":"8773279","Type":"market","Side":"sell","OrderTime":"2019-04-02T02:06:55","Price":0.02560000,"Amount":367809.00000000},{"Time":"2019-04-02T02:12:00","Situation":"flat","Id":"8773496","Type":"market","Side":"sell","OrderTime":"2019-04-02T02:11:02","Price":0.02566000,"Amount":321607.50000000},{"Time":"2019-04-02T02:12:00","Situation":"flat","Id":"8773505","Type":"market","Side":"buy","OrderTime":"2019-04-02T02:11:18","Price":0.02564000,"Amount":486101.00000000},{"Time":"2019-04-02T02:12:00","Situation":"flat","Id":"8773518","Type":"market","Side":"sell","OrderTime":"2019-04-02T02:11:41","Price":0.02560000,"Amount":378529.50000000},{"Time":"2019-04-02T02:13:20","Situation":"trend","Id":"8773554","Type":"market","Side":"buy","OrderTime":"2019-04-02T02:12:28","Price":0.02554000,"Amount":463953.30000000},{"Time":"2019-04-02T02:13:20","Situation":"trend","Id":"8773591","Type":"market","Side":"buy","OrderTime":"2019-04-02T02:13:07","Price":0.02561000,"Amount":320861.00000000},{"Time":"2019-04-02T02:22:20","Situation":"trend","Id":"8773991","Type":"market","Side":"buy","OrderTime":"2019-04-02T02:20:18","Price":0.02595000,"Amount":320671.00000000},{"Time":"2019-04-02T02:22:20","Situation":"trend","Id":"8773998","Type":"market","Side":"buy","OrderTime":"2019-04-02T02:20:21","Price":0.02595000,"Amount":377569.20000000},{"Time":"2019-04-02T02:22:20","Situation":"trend","Id":"8774125","Type":"market","Side":"buy","OrderTime":"2019-04-02T02:21:37","Price":0.02595000,"Amount":464834.50000000},{"Time":"2019-04-02T02:22:20","Situation":"trend","Id":"8774144","Type":"market","Side":"sell","OrderTime":"2019-04-02T02:21:49","Price":0.02595000,"Amount":429436.60000000},{"Time":"2019-04-02T02:22:20","Situation":"trend","Id":"8774196","Type":"market","Side":"buy","OrderTime":"2019-04-02T02:22:17","Price":0.02596000,"Amount":2177793.40000000},{"Time":"2019-04-02T02:22:20","Situation":"trend","Id":"8774198","Type":"market","Side":"buy","OrderTime":"2019-04-02T02:22:17","Price":0.02599000,"Amount":311421.90000000},{"Time":"2019-04-02T02:22:20","Situation":"trend","Id":"8774199","Type":"market","Side":"buy","OrderTime":"2019-04-02T02:22:17","Price":0.02600000,"Amount":2648328.10000000},{"Time":"2019-04-02T02:22:20","Situation":"trend","Id":"8774209","Type":"market","Side":"buy","OrderTime":"2019-04-02T02:22:17","Price":0.02610000,"Amount":1182490.20000000},{"Time":"2019-04-02T02:22:20","Situation":"trend","Id":"8774211","Type":"market","Side":"sell","OrderTime":"2019-04-02T02:22:17","Price":0.02610000,"Amount":428504.60000000},{"Time":"2019-04-02T02:22:20","Situation":"trend","Id":"8774216","Type":"market","Side":"buy","OrderTime":"2019-04-02T02:22:17","Price":0.02615000,"Amount":496332.20000000},{"Time":"2019-04-02T02:22:20","Situation":"trend","Id":"8774218","Type":"market","Side":"sell","OrderTime":"2019-04-02T02:22:17","Price":0.02610000,"Amount":1509195.00000000},{"Time":"2019-04-02T02:23:30","Situation":"trend","Id":"8774283","Type":"market","Side":"sell","OrderTime":"2019-04-02T02:22:23","Price":0.02612000,"Amount":1125561.40000000},{"Time":"2019-04-02T02:23:30","Situation":"trend","Id":"8774316","Type":"market","Side":"sell","OrderTime":"2019-04-02T02:22:24","Price":0.02612000,"Amount":842000.00000000},{"Time":"2019-04-02T02:23:30","Situation":"trend","Id":"8774318","Type":"market","Side":"sell","OrderTime":"2019-04-02T02:22:24","Price":0.02612000,"Amount":320986.70000000},{"Time":"2019-04-02T02:24:00","Situation":"trend","Id":"8774461","Type":"market","Side":"sell","OrderTime":"2019-04-02T02:23:44","Price":0.02615000,"Amount":499568.40000000},{"Time":"2019-04-02T02:24:15","Situation":"trend","Id":"8774528","Type":"market","Side":"sell","OrderTime":"2019-04-02T02:24:01","Price":0.02600000,"Amount":395239.40000000},{"Time":"2019-04-02T02:24:15","Situation":"trend","Id":"8774571","Type":"market","Side":"sell","OrderTime":"2019-04-02T02:24:08","Price":0.02595000,"Amount":849418.20000000},{"Time":"2019-04-02T02:26:30","Situation":"trend","Id":"8774765","Type":"market","Side":"buy","OrderTime":"2019-04-02T02:24:37","Price":0.02595000,"Amount":1515963.10000000},{"Time":"2019-04-02T02:26:30","Situation":"trend","Id":"8774811","Type":"market","Side":"buy","OrderTime":"2019-04-02T02:24:59","Price":0.02601000,"Amount":610993.90000000},{"Time":"2019-04-02T02:27:50","Situation":"trend","Id":"8774921","Type":"market","Side":"buy","OrderTime":"2019-04-02T02:26:37","Price":0.02582000,"Amount":397198.80000000},{"Time":"2019-04-02T02:27:50","Situation":"trend","Id":"8774980","Type":"market","Side":"buy","OrderTime":"2019-04-02T02:27:04","Price":0.02576000,"Amount":353814.10000000},{"Time":"2019-04-02T02:35:04","Situation":"trend","Id":"8775531","Type":"market","Side":"buy","OrderTime":"2019-04-02T02:34:21","Price":0.02550000,"Amount":341790.70000000},{"Time":"2019-04-02T02:35:04","Situation":"trend","Id":"8775545","Type":"market","Side":"sell","OrderTime":"2019-04-02T02:34:31","Price":0.02546000,"Amount":599299.20000000},{"Time":"2019-04-02T02:35:04","Situation":"trend","Id":"8775567","Type":"market","Side":"buy","OrderTime":"2019-04-02T02:34:41","Price":0.02553000,"Amount":379001.00000000},{"Time":"2019-04-02T02:35:04","Situation":"trend","Id":"8775576","Type":"market","Side":"buy","OrderTime":"2019-04-02T02:34:49","Price":0.02557000,"Amount":517025.50000000},{"Time":"2019-04-02T02:35:04","Situation":"trend","Id":"8775581","Type":"market","Side":"buy","OrderTime":"2019-04-02T02:34:51","Price":0.02559000,"Amount":300752.50000000},{"Time":"2019-04-02T02:40:06","Situation":"flat","Id":"8775724","Type":"market","Side":"sell","OrderTime":"2019-04-02T02:36:22","Price":0.02568000,"Amount":372914.40000000},{"Time":"2019-04-02T02:40:06","Situation":"flat","Id":"8775745","Type":"market","Side":"sell","OrderTime":"2019-04-02T02:36:37","Price":0.02567000,"Amount":593363.70000000},{"Time":"2019-04-02T02:40:06","Situation":"flat","Id":"8775772","Type":"market","Side":"sell","OrderTime":"2019-04-02T02:37:00","Price":0.02567000,"Amount":482474.20000000},{"Time":"2019-04-02T02:49:59","Situation":"flat","Id":"8776046","Type":"market","Side":"buy","OrderTime":"2019-04-02T02:45:11","Price":0.02578000,"Amount":4311773.60000000},{"Time":"2019-04-02T02:49:59","Situation":"flat","Id":"8776147","Type":"market","Side":"buy","OrderTime":"2019-04-02T02:48:24","Price":0.02578000,"Amount":304619.20000000},{"Time":"2019-04-02T02:57:54","Situation":"flat","Id":"8776344","Type":"market","Side":"sell","OrderTime":"2019-04-02T02:52:58","Price":0.02560000,"Amount":312483.90000000},{"Time":"2019-04-02T02:57:54","Situation":"flat","Id":"8776362","Type":"market","Side":"buy","OrderTime":"2019-04-02T02:53:13","Price":0.02564000,"Amount":310356.50000000},{"Time":"2019-04-02T02:57:54","Situation":"flat","Id":"8776475","Type":"market","Side":"sell","OrderTime":"2019-04-02T02:57:32","Price":0.02560000,"Amount":825473.00000000},{"Time":"2019-04-02T03:01:30","Situation":"trend","Id":"8776529","Type":"market","Side":"sell","OrderTime":"2019-04-02T02:59:46","Price":0.02560000,"Amount":381276.50000000},{"Time":"2019-04-02T03:06:30","Situation":"flat","Id":"8776622","Type":"market","Side":"sell","OrderTime":"2019-04-02T03:02:02","Price":0.02548000,"Amount":400683.10000000},{"Time":"2019-04-02T03:06:30","Situation":"flat","Id":"8776654","Type":"market","Side":"sell","OrderTime":"2019-04-02T03:02:33","Price":0.02550000,"Amount":506110.10000000},{"Time":"2019-04-02T03:06:30","Situation":"flat","Id":"8776685","Type":"market","Side":"buy","OrderTime":"2019-04-02T03:03:36","Price":0.02554000,"Amount":500000.00000000},{"Time":"2019-04-02T03:09:26","Situation":"trend","Id":"8776802","Type":"market","Side":"buy","OrderTime":"2019-04-02T03:09:26","Price":0.02560000,"Amount":822861.10000000},{"Time":"2019-04-02T03:14:28","Situation":"flat","Id":"8776839","Type":"market","Side":"sell","OrderTime":"2019-04-02T03:09:59","Price":0.02562000,"Amount":782820.80000000},{"Time":"2019-04-02T03:18:53","Situation":"trend","Id":"8776938","Type":"market","Side":"buy","OrderTime":"2019-04-02T03:17:00","Price":0.02568000,"Amount":305834.00000000},{"Time":"2019-04-02T03:18:53","Situation":"trend","Id":"8776940","Type":"market","Side":"buy","OrderTime":"2019-04-02T03:17:08","Price":0.02568000,"Amount":464541.00000000},{"Time":"2019-04-02T03:23:50","Situation":"trend","Id":"8777240","Type":"market","Side":"sell","OrderTime":"2019-04-02T03:23:42","Price":0.02610000,"Amount":348033.60000000},{"Time":"2019-04-02T03:23:50","Situation":"trend","Id":"8777264","Type":"market","Side":"sell","OrderTime":"2019-04-02T03:23:43","Price":0.02610000,"Amount":500000.00000000},{"Time":"2019-04-02T03:26:15","Situation":"trend","Id":"8777316","Type":"market","Side":"buy","OrderTime":"2019-04-02T03:24:03","Price":0.02610000,"Amount":422842.40000000},{"Time":"2019-04-02T03:26:15","Situation":"trend","Id":"8777325","Type":"market","Side":"buy","OrderTime":"2019-04-02T03:24:09","Price":0.02610000,"Amount":451510.10000000},{"Time":"2019-04-02T03:26:15","Situation":"trend","Id":"8777336","Type":"market","Side":"buy","OrderTime":"2019-04-02T03:24:18","Price":0.02610000,"Amount":789807.60000000},{"Time":"2019-04-02T03:26:15","Situation":"trend","Id":"8777392","Type":"market","Side":"buy","OrderTime":"2019-04-02T03:24:58","Price":0.02609000,"Amount":340603.80000000},{"Time":"2019-04-02T03:36:20","Situation":"flat","Id":"8777723","Type":"market","Side":"sell","OrderTime":"2019-04-02T03:33:47","Price":0.02595000,"Amount":663467.70000000},{"Time":"2019-04-02T03:40:34","Situation":"trend","Id":"8777839","Type":"market","Side":"buy","OrderTime":"2019-04-02T03:38:00","Price":0.02575000,"Amount":751950.20000000},{"Time":"2019-04-02T03:40:34","Situation":"trend","Id":"8777850","Type":"market","Side":"buy","OrderTime":"2019-04-02T03:38:12","Price":0.02579000,"Amount":449918.90000000},{"Time":"2019-04-02T03:40:34","Situation":"trend","Id":"8777915","Type":"market","Side":"buy","OrderTime":"2019-04-02T03:40:11","Price":0.02570000,"Amount":769311.00000000},{"Time":"2019-04-02T03:40:34","Situation":"trend","Id":"8777917","Type":"market","Side":"buy","OrderTime":"2019-04-02T03:40:11","Price":0.02570000,"Amount":467758.00000000},{"Time":"2019-04-02T03:49:55","Situation":"trend","Id":"8778156","Type":"market","Side":"sell","OrderTime":"2019-04-02T03:48:32","Price":0.02560000,"Amount":397485.60000000},{"Time":"2019-04-02T03:49:55","Situation":"trend","Id":"8778198","Type":"market","Side":"sell","OrderTime":"2019-04-02T03:49:40","Price":0.02554000,"Amount":313177.10000000},{"Time":"2019-04-02T03:49:55","Situation":"trend","Id":"8778209","Type":"market","Side":"sell","OrderTime":"2019-04-02T03:49:52","Price":0.02552000,"Amount":300325.60000000},{"Time":"2019-04-02T04:02:35","Situation":"flat","Id":"8778489","Type":"market","Side":"sell","OrderTime":"2019-04-02T03:58:00","Price":0.02566000,"Amount":337111.60000000},{"Time":"2019-04-02T04:02:35","Situation":"flat","Id":"8778492","Type":"market","Side":"sell","OrderTime":"2019-04-02T03:58:11","Price":0.02566000,"Amount":972948.30000000},{"Time":"2019-04-02T04:02:35","Situation":"flat","Id":"8778493","Type":"market","Side":"sell","OrderTime":"2019-04-02T03:58:12","Price":0.02566000,"Amount":368492.90000000},{"Time":"2019-04-02T04:10:40","Situation":"flat","Id":"8778766","Type":"market","Side":"sell","OrderTime":"2019-04-02T04:09:34","Price":0.02580000,"Amount":825166.50000000},{"Time":"2019-04-02T04:15:41","Situation":"flat","Id":"8778844","Type":"market","Side":"buy","OrderTime":"2019-04-02T04:13:50","Price":0.02573000,"Amount":303481.20000000},{"Time":"2019-04-02T04:33:10","Situation":"trend","Id":"8779297","Type":"market","Side":"buy","OrderTime":"2019-04-02T04:32:47","Price":0.02610000,"Amount":788945.90000000},{"Time":"2019-04-02T04:33:10","Situation":"trend","Id":"8779311","Type":"market","Side":"buy","OrderTime":"2019-04-02T04:32:55","Price":0.02610000,"Amount":666504.10000000},{"Time":"2019-04-02T04:33:10","Situation":"trend","Id":"8779318","Type":"market","Side":"buy","OrderTime":"2019-04-02T04:32:59","Price":0.02610000,"Amount":470363.30000000},{"Time":"2019-04-02T04:33:10","Situation":"trend","Id":"8779346","Type":"market","Side":"buy","OrderTime":"2019-04-02T04:33:08","Price":0.02618000,"Amount":685867.90000000},{"Time":"2019-04-02T04:33:10","Situation":"trend","Id":"8779348","Type":"market","Side":"buy","OrderTime":"2019-04-02T04:33:08","Price":0.02620000,"Amount":452077.30000000},{"Time":"2019-04-02T04:35:00","Situation":"trend","Id":"8779566","Type":"market","Side":"buy","OrderTime":"2019-04-02T04:34:47","Price":0.02625000,"Amount":727804.50000000},{"Time":"2019-04-02T04:36:45","Situation":"trend","Id":"8779728","Type":"market","Side":"buy","OrderTime":"2019-04-02T04:36:06","Price":0.02631000,"Amount":542496.40000000},{"Time":"2019-04-02T04:36:45","Situation":"trend","Id":"8779792","Type":"market","Side":"sell","OrderTime":"2019-04-02T04:36:43","Price":0.02625000,"Amount":317589.50000000},{"Time":"2019-04-02T04:39:14","Situation":"trend","Id":"8780015","Type":"market","Side":"sell","OrderTime":"2019-04-02T04:38:14","Price":0.02621000,"Amount":470005.80000000},{"Time":"2019-04-02T04:39:14","Situation":"trend","Id":"8780020","Type":"market","Side":"buy","OrderTime":"2019-04-02T04:38:14","Price":0.02614000,"Amount":436072.70000000}