{"OrderBookAsks":[],"OrderBookBids":[{"Time":"2019-04-16T08:04:26","Situation":"trend","Type":"bid","Price":5.39000000,"Amount":83112.63000000,"Done":false},{"Time":"2019-04-16T08:19:36","Situation":"flat","Type":"bid","Price":5.37560000,"Amount":28008.12000000,"Done":false}],"TradeHistory":[{"Time":"2019-04-16T00:24:17","Situation":"flat","Id":"18051451","Type":"market","Side":"buy","OrderTime":"2019-04-16T00:24:17","Price":5.31000000,"Amount":6864.82000000},{"Time":"2019-04-16T00:27:32","Situation":"trend","Id":"18051510","Type":"market","Side":"buy","OrderTime":"2019-04-16T00:24:23","Price":5.30000000,"Amount":4484.19000000},{"Time":"2019-04-16T00:27:32","Situation":"trend","Id":"18051511","Type":"market","Side":"buy","OrderTime":"2019-04-16T00:24:23","Price":5.30000000,"Amount":4496.64000000},{"Time":"2019-04-16T00:27:32","Situation":"trend","Id":"18051568","Type":"market","Side":"buy","OrderTime":"2019-04-16T00:24:23","Price":5.30000000,"Amount":3807.08000000},{"Time":"2019-04-16T00:27:32","Situation":"trend","Id":"18051592","Type":"market","Side":"buy","OrderTime":"2019-04-16T00:24:24","Price":5.30000000,"Amount":3599.91000000},{"Time":"2019-04-16T00:27:32","Situation":"trend","Id":"18051840","Type":"market","Side":"buy","OrderTime":"2019-04-16T00:25:31","Price":5.31000000,"Amount":6449.79000000},{"Time":"2019-04-16T01:12:45","Situation":"trend","Id":"18053218","Type":"market","Side":"buy","OrderTime":"2019-04-16T01:12:42","Price":5.38330000,"Amount":4088.04000000},{"Time":"2019-04-16T01:12:45","Situation":"trend","Id":"18053246","Type":"market","Side":"sell","OrderTime":"2019-04-16T01:12:42","Price":5.38320000,"Amount":5662.49000000},{"Time":"2019-04-16T01:12:45","Situation":"trend","Id":"18053314","Type":"market","Side":"buy","OrderTime":"2019-04-16T01:12:43","Price":5.38460000,"Amount":3670.00000000},{"Time":"2019-04-16T04:28:51","Situation":"flat","Id":"18056662","Type":"market","Side":"sell","OrderTime":"2019-04-16T04:26:50","Price":5.34520000,"Amount":4787.15000000},{"Time":"2019-04-16T08:09:30","Situation":"flat","Id":"18061558","Type":"market","Side":"sell","OrderTime":"2019-04-16T08:06:29","Price":5.39000000,"Amount":22237.73000000},{"Time":"2019-04-16T08:09:30","Situation":"flat","Id":"18061601","Type":"market","Side":"sell","OrderTime":"2019-04-16T08:06:33","Price":5.39000000,"Amount":6876.30000000},{"Time":"2019-04-16T08:19:36","Situation":"flat","Id":"18062120","Type":"market","Side":"sell","OrderTime":"2019-04-16T08:19:17","Price":5.37560000,"Amount":3568.13000000},{"Time":"2019-04-16T08:24:38","Situation":"flat","Id":"18062136","Type":"market","Side":"sell","OrderTime":"2019-04-16T08:20:00","Price":5.37560000,"Amount":27518.83000000},{"Time":"2019-04-16T08:34:41","Situation":"flat","Id":"18062419","Type":"market","Side":"buy","OrderTime":"2019-04-16T08:33:05","Price":5.39010000,"Amount":3384.82000000},{"Time":"2019-04-16T08:34:41","Situation":"flat","Id":"18062460","Type":"market","Side":"buy","OrderTime":"2019-04-16T08:34:09","Price":5.40000000,"Amount":5748.88000000}],"TradeDelta":[{"TimeFrom":"2019-04-16T00:04:10","TimeTo":"2019-04-16T00:09:14","Situation":"flat","Value":0.00000000},{"TimeFrom":"2019-04-16T00:09:14","TimeTo":"2019-04-16T00:14:15","Situation":"flat","Value":0.00000000},{"TimeFrom":"2019-04-16T00:14:15","TimeTo":"2019-04-16T00:19:15","Situation":"flat","Value":0.00000000},{"TimeFrom":"2019-04-16T00:19:15","TimeTo":"2019-04-16T00:24:17","Situation":"flat","Value":6864.82000000},{"TimeFrom":"2019-04-16T00:24:17","TimeTo":"2019-04-16T00:27:32","Situation":"trend","Value":29702.43000000},{"TimeFrom":"2019-04-16T00:27:32","TimeTo":"2019-04-16T00:32:35","Situation":"flat","Value":0.00000000},{"TimeFrom":"2019-04-16T00:32:35","TimeTo":"2019-04-16T00:37:35","Situation":"flat","Value":0.00000000},{"TimeFrom":"2019-04-16T00:37:35","TimeTo":"2019-04-16T00:42:36","Situation":"flat","Value":0.00000000},{"TimeFrom":"2019-04-16T00:42:36","TimeTo":"2019-04-16T00:47:39","Situation":"flat","Value":0.00000000},{"TimeFrom":"2019-04-16T00:47:39","TimeTo":"2019-04-16T00:52:43","Situation":"flat","Value":0.00000000},{"TimeFrom":"2019-04-16T00:52:43","TimeTo":"2019-04-16T00:57:46","Situation":"flat","Value":0.00000000},{"TimeFrom":"2019-04-16T00:57:46","TimeTo":"2019-04-16T01:02:50","Situation":"flat","Value":0.00000000},{"TimeFrom":"2019-04-16T01:02:50","TimeTo":"2019-04-16T01:07:52","Situation":"flat","Value":0.00000000},{"TimeFrom":"2019-04-16T01:07:52","TimeTo":"2019-04-16T01:12:45","Situation":"trend","Value":2095.55000000},{"TimeFrom":"2019-04-16T01:12:45","TimeTo":"2019-04-16T01:17:48","Situation":"flat","Value":0.00000000},{"TimeFrom":"2019-04-16T01:17:48","TimeTo":"2019-04-16T01:22:48","Situation":"flat","Value":0.00000000},{"TimeFrom":"2019-04-16T01:22:48","TimeTo":"2019-04-16T01:27:50","Situation":"flat","Value":0.00000000},{"TimeFrom":"2019-04-16T01:27:50","TimeTo":"2019-04-16T01:32:50","Situation":"flat","Value":0.00000000},{"TimeFrom":"2019-04-16T01:32:50","TimeTo":"2019-04-16T01:37:50","Situation":"flat","Value":0.00000000},{"TimeFrom":"2019-04-16T01:37:50","TimeTo":"2019-04-16T01:42:53","Situation":"flat","Value":0.00000000},{"TimeFrom":"2019-04-16T01:42:53","TimeTo":"2019-04-16T01:47:55","Situation":"flat","Value":0.00000000},{"TimeFrom":"2019-04-16T01:47:55","TimeTo":"2019-04-16T01:52:58","Situation":"flat","Value":0.00000000},{"TimeFrom":"2019-04-16T01:52:58","TimeTo":"2019-04-16T01:57:59","Situation":"flat","Value":0.00000000},{"TimeFrom":"2019-04-16T01:57:59","TimeTo":"2019-04-16T02:03:05","Situation":"flat","Value":0.00000000},{"TimeFrom":"2019-04-16T02:03:05","TimeTo":"2019-04-16T02:08:05","Situation":"flat","Value":0.00000000},{"TimeFrom":"2019-04-16T02:08:05","TimeTo":"2019-04-16T02:13:06","Situation":"flat","Value":0.00000000},{"TimeFrom":"2019-04-16T02:13:06","TimeTo":"2019-04-16T02:18:06","Situation":"flat","Value":0.00000000},{"TimeFrom":"2019-04-16T02:18:06","TimeTo":"2019-04-16T02:23:08","Situation":"flat","Value":0.00000000},{"TimeFrom":"2019-04-16T02:23:08","TimeTo":"2019-04-16T02:28:11","Situation":"flat","Value":0.00000000},{"TimeFrom":"2019-04-16T02:28:11","TimeTo":"2019-04-16T02:33:15","Situation":"flat","Value":0.00000000},{"TimeFrom":"2019-04-16T02:33:15","TimeTo":"2019-04-16T02:38:18","Situation":"flat","Value":0.00000000},{"TimeFrom":"2019-04-16T02:38:18","TimeTo":"2019-04-16T02:43:21","Situation":"flat","Value":0.00000000},{"TimeFrom":"2019-04-16T02:43:21","TimeTo":"2019-04-16T02:48:23","Situation":"flat","Value":0.00000000},{"TimeFrom":"2019-04-16T02:48:23","TimeTo":"2019-04-16T02:53:23","Situation":"flat","Value":0.00000000},{"TimeFrom":"2019-04-16T02:53:23","TimeTo":"2019-04-16T02:58:24","Situation":"flat","Value":0.00000000},{"TimeFrom":"2019-04-16T02:58:24","TimeTo":"2019-04-16T03:03:28","Situation":"flat","Value":0.00000000},{"TimeFrom":"2019-04-16T03:03:28","TimeTo":"2019-04-16T03:08:31","Situation":"flat","Value":0.00000000},{"TimeFrom":"2019-04-16T03:08:31","TimeTo":"2019-04-16T03:13:33","Situation":"flat","Value":0.00000000},{"TimeFrom":"2019-04-16T03:13:33","TimeTo":"2019-04-16T03:18:36","Situation":"flat","Value":0.00000000},{"TimeFrom":"2019-04-16T03:18:36","TimeTo":"2019-04-16T03:23:36","Situation":"flat","Value":0.00000000},{"TimeFrom":"2019-04-16T03:23:36","TimeTo":"2019-04-16T03:28:38","Situation":"flat","Value":0.00000000},{"TimeFrom":"2019-04-16T03:28:38","TimeTo":"2019-04-16T03:33:38","Situation":"flat","Value":0.00000000},{"TimeFrom":"2019-04-16T03:33:38","TimeTo":"2019-04-16T03:38:38","Situation":"flat","Value":0.00000000},{"TimeFrom":"2019-04-16T03:38:38","TimeTo":"2019-04-16T03:43:40","Situation":"flat","Value":0.00000000},{"TimeFrom":"2019-04-16T03:43:40","TimeTo":"2019-04-16T03:48:40","Situation":"flat","Value":0.00000000},{"TimeFrom":"2019-04-16T03:48:40","TimeTo":"2019-04-16T03:53:43","Situation":"flat","Value":0.00000000},{"TimeFrom":"2019-04-16T03:53:43","TimeTo":"2019-04-16T03:58:45","Situation":"flat","Value":0.00000000},{"TimeFrom":"2019-04-16T03:58:45","TimeTo":"2019-04-16T04:03:46","Situation":"flat","Value":0.00000000},{"TimeFrom":"2019-04-16T04:03:46","TimeTo":"2019-04-16T04:08:46","Situation":"flat","Value":0.00000000},{"TimeFrom":"2019-04-16T04:08:46","TimeTo":"2019-04-16T04:13:48","Situation":"flat","Value":0.00000000},{"TimeFrom":"2019-04-16T04:13:48","TimeTo":"2019-04-16T04:18:50","Situation":"flat","Value":0.00000000},{"TimeFrom":"2019-04-16T04:18:50","TimeTo":"2019-04-16T04:23:50","Situation":"flat","Value":0.00000000},{"TimeFrom":"2019-04-16T04:23:50","TimeTo":"2019-04-16T04:28:51","Situation":"flat","Value":-4787.15000000},{"TimeFrom":"2019-04-16T04:28:51","TimeTo":"2019-04-16T04:30:05","Situation":"trend","Value":0.00000000},{"TimeFrom":"2019-04-16T04:30:05","TimeTo":"2019-04-16T04:35:08","Situation":"flat","Value":0.00000000},{"TimeFrom":"2019-04-16T04:35:08","TimeTo":"2019-04-16T04:35:48","Situation":"trend","Value":0.00000000},{"TimeFrom":"2019-04-16T04:35:48","TimeTo":"2019-04-16T04:40:50","Situation":"flat","Value":0.00000000},{"TimeFrom":"2019-04-16T04:40:50","TimeTo":"2019-04-16T04:45:50","Situation":"flat","Value":0.00000000},{"TimeFrom":"2019-04-16T04:45:50","TimeTo":"2019-04-16T04:50:51","Situation":"flat","Value":0.00000000},{"TimeFrom":"2019-04-16T04:50:51","TimeTo":"2019-04-16T04:55:55","Situation":"flat","Value":0.00000000},{"TimeFrom":"2019-04-16T04:55:55","TimeTo":"2019-04-16T05:00:55","Situation":"flat","Value":0.00000000},{"TimeFrom":"2019-04-16T05:00:55","TimeTo":"2019-04-16T05:05:56","Situation":"flat","Value":0.00000000},{"TimeFrom":"2019-04-16T05:05:56","TimeTo":"2019-04-16T05:11:00","Situation":"flat","Value":0.00000000},{"TimeFrom":"2019-04-16T05:11:00","TimeTo":"2019-04-16T05:16:03","Situation":"flat","Value":0.00000000},{"TimeFrom":"2019-04-16T05:16:03","TimeTo":"2019-04-16T05:21:06","Situation":"flat","Value":0.00000000},{"TimeFrom":"2019-04-16T05:21:06","TimeTo":"2019-04-16T05:26:10","Situation":"flat","Value":0.00000000},{"TimeFrom":"2019-04-16T05:26:10","TimeTo":"2019-04-16T05:27:10","Situation":"trend","Value":0.00000000},{"TimeFrom":"2019-04-16T05:27:10","TimeTo":"2019-04-16T05:32:10","Situation":"flat","Value":0.00000000},{"TimeFrom":"2019-04-16T05:32:10","TimeTo":"2019-04-16T05:37:14","Situation":"flat","Value":0.00000000},{"TimeFrom":"2019-04-16T05:37:14","TimeTo":"2019-04-16T05:42:16","Situation":"flat","Value":0.00000000},{"TimeFrom":"2019-04-16T05:42:16","TimeTo":"2019-04-16T05:47:18","Situation":"flat","Value":0.00000000},{"TimeFrom":"2019-04-16T05:47:18","TimeTo":"2019-04-16T05:52:21","Situation":"flat","Value":0.00000000},{"TimeFrom":"2019-04-16T05:52:21","TimeTo":"2019-04-16T05:57:21","Situation":"flat","Value":0.00000000},{"TimeFrom":"2019-04-16T05:57:21","TimeTo":"2019-04-16T06:02:25","Situation":"flat","Value":0.00000000},{"TimeFrom":"2019-04-16T06:02:25","TimeTo":"2019-04-16T06:07:26","Situation":"flat","Value":0.00000000},{"TimeFrom":"2019-04-16T06:07:26","TimeTo":"2019-04-16T06:12:30","Situation":"flat","Value":0.00000000},{"TimeFrom":"2019-04-16T06:12:30","TimeTo":"2019-04-16T06:17:31","Situation":"flat","Value":0.00000000},{"TimeFrom":"2019-04-16T06:17:31","TimeTo":"2019-04-16T06:22:35","Situation":"flat","Value":0.00000000},{"TimeFrom":"2019-04-16T06:22:35","TimeTo":"2019-04-16T06:27:35","Situation":"flat","Value":0.00000000},{"TimeFrom":"2019-04-16T06:27:35","TimeTo":"2019-04-16T06:32:35","Situation":"flat","Value":0.00000000},{"TimeFrom":"2019-04-16T06:32:35","TimeTo":"2019-04-16T06:37:39","Situation":"flat","Value":0.00000000},{"TimeFrom":"2019-04-16T06:37:39","TimeTo":"2019-04-16T06:42:40","Situation":"flat","Value":0.00000000},{"TimeFrom":"2019-04-16T06:42:40","TimeTo":"2019-04-16T06:47:40","Situation":"flat","Value":0.00000000},{"TimeFrom":"2019-04-16T06:47:40","TimeTo":"2019-04-16T06:52:40","Situation":"flat","Value":0.00000000},{"TimeFrom":"2019-04-16T06:52:40","TimeTo":"2019-04-16T06:57:42","Situation":"flat","Value":0.00000000},{"TimeFrom":"2019-04-16T06:57:42","TimeTo":"2019-04-16T07:02:45","Situation":"flat","Value":0.00000000},{"TimeFrom":"2019-04-16T07:02:45","TimeTo":"2019-04-16T07:07:45","Situation":"flat","Value":0.00000000},{"TimeFrom":"2019-04-16T07:07:45","TimeTo":"2019-04-16T07:12:45","Situation":"flat","Value":0.00000000},{"TimeFrom":"2019-04-16T07:12:45","TimeTo":"2019-04-16T07:17:46","Situation":"flat","Value":0.00000000},{"TimeFrom":"2019-04-16T07:17:46","TimeTo":"2019-04-16T07:22:49","Situation":"flat","Value":0.00000000},{"TimeFrom":"2019-04-16T07:22:49","TimeTo":"2019-04-16T07:27:51","Situation":"flat","Value":0.00000000},{"TimeFrom":"2019-04-16T07:27:51","TimeTo":"2019-04-16T07:32:53","Situation":"flat","Value":0.00000000},{"TimeFrom":"2019-04-16T07:32:53","TimeTo":"2019-04-16T07:37:53","Situation":"flat","Value":0.00000000},{"TimeFrom":"2019-04-16T07:37:53","TimeTo":"2019-04-16T07:42:56","Situation":"flat","Value":0.00000000},{"TimeFrom":"2019-04-16T07:42:56","TimeTo":"2019-04-16T07:48:00","Situation":"flat","Value":0.00000000},{"TimeFrom":"2019-04-16T07:48:00","TimeTo":"2019-04-16T07:53:05","Situation":"flat","Value":0.00000000},{"TimeFrom":"2019-04-16T07:53:05","TimeTo":"2019-04-16T07:58:05","Situation":"flat","Value":0.00000000},{"TimeFrom":"2019-04-16T07:58:05","TimeTo":"2019-04-16T08:03:08","Situation":"flat","Value":0.00000000},{"TimeFrom":"2019-04-16T08:03:08","TimeTo":"2019-04-16T08:04:26","Situation":"trend","Value":0.00000000},{"TimeFrom":"2019-04-16T08:04:26","TimeTo":"2019-04-16T08:09:30","Situation":"flat","Value":-29114.03000000},{"TimeFrom":"2019-04-16T08:09:30","TimeTo":"2019-04-16T08:14:33","Situation":"flat","Value":0.00000000},{"TimeFrom":"2019-04-16T08:14:33","TimeTo":"2019-04-16T08:19:36","Situation":"flat","Value":-3568.13000000},{"TimeFrom":"2019-04-16T08:19:36","TimeTo":"2019-04-16T08:24:38","Situation":"flat","Value":-27518.83000000},{"TimeFrom":"2019-04-16T08:24:38","TimeTo":"2019-04-16T08:29:40","Situation":"flat","Value":0.00000000},{"TimeFrom":"2019-04-16T08:29:40","TimeTo":"2019-04-16T08:34:41","Situation":"flat","Value":9133.70000000},{"TimeFrom":"2019-04-16T08:34:41","TimeTo":"2019-04-16T08:39:41","Situation":"flat","Value":0.00000000},{"TimeFrom":"2019-04-16T08:39:41","TimeTo":"2019-04-16T08:44:41","Situation":"flat","Value":0.00000000},{"TimeFrom":"2019-04-16T08:44:41","TimeTo":"2019-04-16T08:49:45","Situation":"flat","Value":0.00000000},{"TimeFrom":"2019-04-16T08:49:45","TimeTo":"2019-04-16T08:54:49","Situation":"flat","Value":0.00000000},{"TimeFrom":"2019-04-16T08:54:49","TimeTo":"2019-04-16T08:59:50","Situation":"flat","Value":0.00000000},{"TimeFrom":"2019-04-16T08:59:50","TimeTo":"2019-04-16T09:04:54","Situation":"flat","Value":0.00000000},{"TimeFrom":"2019-04-16T09:04:54","TimeTo":"2019-04-16T09:09:55","Situation":"flat","Value":0.00000000},{"TimeFrom":"2019-04-16T09:09:55","TimeTo":"2019-04-16T09:14:56","Situation":"flat","Value":0.00000000},{"TimeFrom":"2019-04-16T09:14:56","TimeTo":"2019-04-16T09:20:00","Situation":"flat","Value":0.00000000},{"TimeFrom":"2019-04-16T09:20:00","TimeTo":"2019-04-16T09:25:06","Situation":"flat","Value":0.00000000},{"TimeFrom":"2019-04-16T09:25:06","TimeTo":"2019-04-16T09:30:10","Situation":"flat","Value":0.00000000},{"TimeFrom":"2019-04-16T09:30:10","TimeTo":"2019-04-16T09:35:12","Situation":"flat","Value":0.00000000},{"TimeFrom":"2019-04-16T09:35:12","TimeTo":"2019-04-16T09:40:13","Situation":"flat","Value":0.00000000},{"TimeFrom":"2019-04-16T09:40:13","TimeTo":"2019-04-16T09:45:13","Situation":"flat","Value":0.00000000},{"TimeFrom":"2019-04-16T09:45:13","TimeTo":"2019-04-16T09:50:15","Situation":"flat","Value":0.00000000},{"TimeFrom":"2019-04-16T09:50:15","TimeTo":"2019-04-16T09:55:19","Situation":"flat","Value":0.00000000},{"TimeFrom":"2019-04-16T09:55:19","TimeTo":"2019-04-16T10:00:21","Situation":"flat","Value":0.00000000},{"TimeFrom":"2019-04-16T10:00:21","TimeTo":"2019-04-16T10:05:25","Situation":"flat","Value":0.00000000},{"TimeFrom":"2019-04-16T10:05:25","TimeTo":"2019-04-16T10:10:29","Situation":"flat","Value":0.00000000},{"TimeFrom":"2019-04-16T10:10:29","TimeTo":"2019-04-16T10:15:31","Situation":"flat","Value":0.00000000},{"TimeFrom":"2019-04-16T10:15:31","TimeTo":"2019-04-16T10:20:31","Situation":"flat","Value":0.00000000},{"TimeFrom":"2019-04-16T10:20:31","TimeTo":"2019-04-16T10:25:31","Situation":"flat","Value":0.00000000},{"TimeFrom":"2019-04-16T10:25:31","TimeTo":"2019-04-16T10:30:32","Situation":"flat","Value":0.00000000},{"TimeFrom":"2019-04-16T10:30:32","TimeTo":"2019-04-16T10:35:35","Situation":"flat","Value":0.00000000},{"TimeFrom":"2019-04-16T10:35:35","TimeTo":"2019-04-16T10:40:35","Situation":"flat","Value":0.00000000},{"TimeFrom":"2019-04-16T10:40:35","TimeTo":"2019-04-16T10:45:35","Situation":"flat","Value":0.00000000},{"TimeFrom":"2019-04-16T10:45:35","TimeTo":"2019-04-16T10:50:38","Situation":"flat","Value":0.00000000},{"TimeFrom":"2019-04-16T10:50:38","TimeTo":"2019-04-16T10:55:39","Situation":"flat","Value":0.00000000},{"TimeFrom":"2019-04-16T10:55:39","TimeTo":"2019-04-16T11:00:41","Situation":"flat","Value":0.00000000},{"TimeFrom":"2019-04-16T11:00:41","TimeTo":"2019-04-16T11:04:23","Situation":"trend","Value":0.00000000},{"TimeFrom":"2019-04-16T11:04:23","TimeTo":"2019-04-16T11:09:25","Situation":"flat","Value":0.00000000},{"TimeFrom":"2019-04-16T11:09:25","TimeTo":"2019-04-16T11:14:25","Situation":"flat","Value":0.00000000},{"TimeFrom":"2019-04-16T11:14:25","TimeTo":"2019-04-16T11:19:25","Situation":"flat","Value":0.00000000},{"TimeFrom":"2019-04-16T11:19:25","TimeTo":"2019-04-16T11:24:28","Situation":"flat","Value":0.00000000},{"TimeFrom":"2019-04-16T11:24:28","TimeTo":"2019-04-16T11:29:31","Situation":"flat","Value":0.00000000},{"TimeFrom":"2019-04-16T11:29:31","TimeTo":"2019-04-16T11:34:35","Situation":"flat","Value":0.00000000},{"TimeFrom":"2019-04-16T11:34:35","TimeTo":"2019-04-16T11:39:38","Situation":"flat","Value":0.00000000},{"TimeFrom":"2019-04-16T11:39:38","TimeTo":"2019-04-16T11:44:41","Situation":"flat","Value":0.00000000},{"TimeFrom":"2019-04-16T11:44:41","TimeTo":"2019-04-16T11:49:43","Situation":"flat","Value":0.00000000},{"TimeFrom":"2019-04-16T11:49:43","TimeTo":"2019-04-16T11:54:46","Situation":"flat","Value":0.00000000},{"TimeFrom":"2019-04-16T11:54:46","TimeTo":"2019-04-16T11:59:50","Situation":"flat","Value":0.00000000},{"TimeFrom":"2019-04-16T11:59:50","TimeTo":"2019-04-16T12:04:50","Situation":"flat","Value":0.00000000},{"TimeFrom":"2019-04-16T12:04:50","TimeTo":"2019-04-16T12:09:50","Situation":"flat","Value":0.00000000},{"TimeFrom":"2019-04-16T12:09:50","TimeTo":"2019-04-16T12:14:53","Situation":"flat","Value":0.00000000},{"TimeFrom":"2019-04-16T12:14:53","TimeTo":"2019-04-16T12:19:55","Situation":"flat","Value":0.00000000},{"TimeFrom":"2019-04-16T12:19:55","TimeTo":"2019-04-16T12:24:55","Situation":"flat","Value":0.00000000},{"TimeFrom":"2019-04-16T12:24:55","TimeTo":"2019-04-16T12:29:58","Situation":"flat","Value":0.00000000},{"TimeFrom":"2019-04-16T12:29:58","TimeTo":"2019-04-16T12:30:10","Situation":"trend","Value":0.00000000},{"TimeFrom":"2019-04-16T12:30:10","TimeTo":"2019-04-16T12:35:10","Situation":"flat","Value":0.00000000},{"TimeFrom":"2019-04-16T12:35:10","TimeTo":"2019-04-16T12:40:10","Situation":"flat","Value":0.00000000},{"TimeFrom":"2019-04-16T12:40:10","TimeTo":"2019-04-16T12:45:14","Situation":"flat","Value":0.00000000},{"TimeFrom":"2019-04-16T12:45:14","TimeTo":"2019-04-16T12:50:15","Situation":"flat","Value":0.00000000},{"TimeFrom":"2019-04-16T12:50:15","TimeTo":"2019-04-16T12:55:15","Situation":"flat","Value":0.00000000},{"TimeFrom":"2019-04-16T12:55:15","TimeTo":"2019-04-16T13:00:18","Situation":"flat","Value":0.00000000}]}
