{"OrderBookAsks":[{"Time":"2019-04-02T02:21:15","Situation":"flat","Type":"ask","Price":4180.00000000,"Amount":113.17209400,"Done":false},{"Time":"2019-04-02T02:26:15","Situation":"flat","Type":"ask","Price":4180.00000000,"Amount":114.83299000,"Done":false},{"Time":"2019-04-02T02:31:15","Situation":"flat","Type":"ask","Price":4180.00000000,"Amount":113.20958600,"Done":false},{"Time":"2019-04-02T02:36:15","Situation":"flat","Type":"ask","Price":4180.00000000,"Amount":109.02364500,"Done":false},{"Time":"2019-04-02T04:43:14","Situation":"trend","Type":"ask","Price":4401.00000000,"Amount":160.21553100,"Done":false},{"Time":"2019-04-02T05:14:50","Situation":"trend","Type":"ask","Price":4600.00000000,"Amount":144.67557000,"Done":false},{"Time":"2019-04-02T05:15:35","Situation":"trend","Type":"ask","Price":4600.00000000,"Amount":146.28053400,"Done":false},{"Time":"2019-04-02T08:47:09","Situation":"flat","Type":"ask","Price":4675.00000000,"Amount":100.04684900,"Done":false},{"Time":"2019-04-02T08:47:09","Situation":"flat","Type":"ask","Price":4680.00000000,"Amount":101.56046600,"Done":false},{"Time":"2019-04-02T08:47:09","Situation":"flat","Type":"ask","Price":4685.00000000,"Amount":100.16309600,"Done":false},{"Time":"2019-04-02T08:52:13","Situation":"flat","Type":"ask","Price":4675.00000000,"Amount":100.04684900,"Done":false},{"Time":"2019-04-02T08:52:13","Situation":"flat","Type":"ask","Price":4680.00000000,"Amount":101.47407100,"Done":false},{"Time":"2019-04-02T08:52:13","Situation":"flat","Type":"ask","Price":4685.00000000,"Amount":101.06899200,"Done":false},{"Time":"2019-04-02T09:02:15","Situation":"flat","Type":"ask","Price":4670.00000000,"Amount":104.76672700,"Done":false},{"Time":"2019-04-02T09:07:19","Situation":"flat","Type":"ask","Price":4670.00000000,"Amount":104.87980100,"Done":false},{"Time":"2019-04-02T09:07:19","Situation":"flat","Type":"ask","Price":4675.00000000,"Amount":100.07145600,"Done":false},{"Time":"2019-04-02T09:12:19","Situation":"flat","Type":"ask","Price":4670.00000000,"Amount":105.28379400,"Done":false},{"Time":"2019-04-02T09:12:19","Situation":"flat","Type":"ask","Price":4675.00000000,"Amount":100.20398600,"Done":false},{"Time":"2019-04-02T09:12:19","Situation":"flat","Type":"ask","Price":4680.00000000,"Amount":102.67851800,"Done":false},{"Time":"2019-04-02T09:16:40","Situation":"trend","Type":"ask","Price":4680.00000000,"Amount":102.31448600,"Done":false},{"Time":"2019-04-02T09:16:40","Situation":"trend","Type":"ask","Price":4685.00000000,"Amount":104.00367700,"Done":false},{"Time":"2019-04-02T09:16:40","Situation":"trend","Type":"ask","Price":4670.00000000,"Amount":104.87980100,"Done":true},{"Time":"2019-04-02T09:16:40","Situation":"trend","Type":"ask","Price":4675.00000000,"Amount":100.07145600,"Done":true},{"Time":"2019-04-02T09:21:44","Situation":"flat","Type":"ask","Price":4685.00000000,"Amount":104.55550100,"Done":false},{"Time":"2019-04-02T09:28:50","Situation":"trend","Type":"ask","Price":4685.00000000,"Amount":104.55550100,"Done":true},{"Time":"2019-04-02T20:35:51","Situation":"trend","Type":"ask","Price":4780.00000000,"Amount":147.29872000,"Done":false},{"Time":"2019-04-02T20:40:51","Situation":"flat","Type":"ask","Price":4780.00000000,"Amount":167.35882500,"Done":false},{"Time":"2019-04-02T20:50:54","Situation":"flat","Type":"ask","Price":4780.00000000,"Amount":148.75620400,"Done":false},{"Time":"2019-04-02T20:55:55","Situation":"flat","Type":"ask","Price":4780.00000000,"Amount":148.76456600,"Done":false},{"Time":"2019-04-02T21:00:58","Situation":"flat","Type":"ask","Price":4780.00000000,"Amount":150.68923700,"Done":false},{"Time":"2019-04-02T21:09:10","Situation":"trend","Type":"ask","Price":4780.00000000,"Amount":149.89011800,"Done":false},{"Time":"2019-04-03T00:24:15","Situation":"trend","Type":"ask","Price":4950.00000000,"Amount":266.23617300,"Done":false},{"Time":"2019-04-03T00:26:59","Situation":"trend","Type":"ask","Price":4950.00000000,"Amount":271.34347800,"Done":false},{"Time":"2019-04-03T00:32:03","Situation":"flat","Type":"ask","Price":4950.00000000,"Amount":166.62044000,"Done":false},{"Time":"2019-04-03T00:33:04","Situation":"trend","Type":"ask","Price":4950.00000000,"Amount":167.06552300,"Done":false},{"Time":"2019-04-03T00:35:49","Situation":"trend","Type":"ask","Price":4950.00000000,"Amount":166.62044000,"Done":true},{"Time":"2019-04-03T00:36:14","Situation":"trend","Type":"ask","Price":4950.00000000,"Amount":166.62044000,"Done":true},{"Time":"2019-04-03T00:38:19","Situation":"trend","Type":"ask","Price":4950.00000000,"Amount":166.62044000,"Done":true},{"Time":"2019-04-03T00:42:40","Situation":"trend","Type":"ask","Price":4950.00000000,"Amount":170.30473600,"Done":false},{"Time":"2019-04-03T00:56:29","Situation":"flat","Type":"ask","Price":4950.00000000,"Amount":171.89049300,"Done":false},{"Time":"2019-04-03T00:58:49","Situation":"trend","Type":"ask","Price":4950.00000000,"Amount":171.74981100,"Done":false},{"Time":"2019-04-03T01:01:05","Situation":"trend","Type":"ask","Price":4950.00000000,"Amount":177.90478600,"Done":false},{"Time":"2019-04-03T01:04:40","Situation":"trend","Type":"ask","Price":4950.00000000,"Amount":171.89049300,"Done":true},{"Time":"2019-04-03T01:51:35","Situation":"flat","Type":"ask","Price":4950.00000000,"Amount":176.87311400,"Done":false},{"Time":"2019-04-03T01:56:39","Situation":"flat","Type":"ask","Price":4950.00000000,"Amount":175.98046700,"Done":false},{"Time":"2019-04-03T02:27:58","Situation":"trend","Type":"ask","Price":5000.00000000,"Amount":203.85125400,"Done":false},{"Time":"2019-04-03T02:39:45","Situation":"trend","Type":"ask","Price":5000.00000000,"Amount":169.71096600,"Done":false},{"Time":"2019-04-03T02:44:47","Situation":"flat","Type":"ask","Price":5000.00000000,"Amount":164.04606200,"Done":false},{"Time":"2019-04-03T02:49:49","Situation":"flat","Type":"ask","Price":5000.00000000,"Amount":161.47897000,"Done":false},{"Time":"2019-04-03T02:51:39","Situation":"trend","Type":"ask","Price":5030.00000000,"Amount":101.70740900,"Done":false},{"Time":"2019-04-03T02:53:44","Situation":"trend","Type":"ask","Price":5000.00000000,"Amount":161.47897000,"Done":true},{"Time":"2019-04-03T02:57:13","Situation":"trend","Type":"ask","Price":5030.00000000,"Amount":101.98082400,"Done":false},{"Time":"2019-04-03T02:57:13","Situation":"trend","Type":"ask","Price":5000.00000000,"Amount":161.47897000,"Done":true},{"Time":"2019-04-03T03:02:13","Situation":"flat","Type":"ask","Price":5030.00000000,"Amount":100.81923200,"Done":false},{"Time":"2019-04-03T05:32:05","Situation":"trend","Type":"ask","Price":4900.00000000,"Amount":102.73857800,"Done":false},{"Time":"2019-04-03T14:18:57","Situation":"flat","Type":"ask","Price":4978.00000000,"Amount":200.29354000,"Done":false},{"Time":"2019-04-03T20:57:07","Situation":"trend","Type":"ask","Price":5250.00000000,"Amount":104.46006400,"Done":false},{"Time":"2019-04-04T08:35:58","Situation":"flat","Type":"ask","Price":5005.00000000,"Amount":100.47000000,"Done":false},{"Time":"2019-04-04T12:13:50","Situation":"flat","Type":"ask","Price":5000.00000000,"Amount":261.21230200,"Done":false},{"Time":"2019-04-04T12:54:03","Situation":"flat","Type":"ask","Price":5000.00000000,"Amount":215.09352300,"Done":false},{"Time":"2019-04-04T12:59:04","Situation":"flat","Type":"ask","Price":5000.00000000,"Amount":207.08985200,"Done":false},{"Time":"2019-04-04T13:04:04","Situation":"flat","Type":"ask","Price":5000.00000000,"Amount":208.01864700,"Done":false},{"Time":"2019-04-04T13:14:24","Situation":"flat","Type":"ask","Price":5000.00000000,"Amount":209.47435800,"Done":false},{"Time":"2019-04-04T13:19:26","Situation":"flat","Type":"ask","Price":5000.00000000,"Amount":209.65852700,"Done":false},{"Time":"2019-04-04T13:24:28","Situation":"flat","Type":"ask","Price":5000.00000000,"Amount":209.93054200,"Done":false},{"Time":"2019-04-04T13:29:29","Situation":"flat","Type":"ask","Price":5000.00000000,"Amount":210.49387800,"Done":false},{"Time":"2019-04-04T13:39:34","Situation":"flat","Type":"ask","Price":5000.00000000,"Amount":212.20914100,"Done":false},{"Time":"2019-04-04T13:44:38","Situation":"flat","Type":"ask","Price":5000.00000000,"Amount":210.67763800,"Done":false},{"Time":"2019-04-04T13:49:40","Situation":"flat","Type":"ask","Price":5000.00000000,"Amount":216.79451900,"Done":false},{"Time":"2019-04-04T13:54:44","Situation":"flat","Type":"ask","Price":5000.00000000,"Amount":216.92024400,"Done":false},{"Time":"2019-04-04T13:59:45","Situation":"flat","Type":"ask","Price":5000.00000000,"Amount":209.94108800,"Done":false},{"Time":"2019-04-04T14:04:48","Situation":"flat","Type":"ask","Price":5000.00000000,"Amount":211.60799100,"Done":false},{"Time":"2019-04-04T14:09:49","Situation":"flat","Type":"ask","Price":5000.00000000,"Amount":211.68488700,"Done":false},{"Time":"2019-04-05T05:18:20","Situation":"flat","Type":"ask","Price":5000.00000000,"Amount":352.42279400,"Done":false},{"Time":"2019-04-05T11:35:20","Situation":"flat","Type":"ask","Price":5000.00000000,"Amount":360.87937200,"Done":false},{"Time":"2019-04-05T11:40:23","Situation":"flat","Type":"ask","Price":5000.00000000,"Amount":363.03446400,"Done":false},{"Time":"2019-04-05T11:45:25","Situation":"flat","Type":"ask","Price":5000.00000000,"Amount":370.78250300,"Done":false},{"Time":"2019-04-05T12:05:35","Situation":"flat","Type":"ask","Price":5000.00000000,"Amount":166.70630100,"Done":false},{"Time":"2019-04-05T13:17:39","Situation":"flat","Type":"ask","Price":5020.00000000,"Amount":200.93505200,"Done":false},{"Time":"2019-04-05T13:22:40","Situation":"flat","Type":"ask","Price":5020.00000000,"Amount":200.89874300,"Done":false},{"Time":"2019-04-05T13:35:34","Situation":"trend","Type":"ask","Price":5015.00000000,"Amount":100.06719400,"Done":false},{"Time":"2019-04-05T17:33:45","Situation":"flat","Type":"ask","Price":5000.00000000,"Amount":201.03286600,"Done":false},{"Time":"2019-04-05T17:40:33","Situation":"flat","Type":"ask","Price":5000.00000000,"Amount":201.78451800,"Done":false},{"Time":"2019-04-05T17:50:38","Situation":"flat","Type":"ask","Price":5015.00000000,"Amount":101.67217800,"Done":false},{"Time":"2019-04-05T19:51:55","Situation":"flat","Type":"ask","Price":5010.00000000,"Amount":111.01075800,"Done":false},{"Time":"2019-04-05T20:17:04","Situation":"flat","Type":"ask","Price":5010.00000000,"Amount":112.71450900,"Done":false},{"Time":"2019-04-05T23:32:19","Situation":"flat","Type":"ask","Price":5005.00000000,"Amount":200.05745000,"Done":false},{"Time":"2019-04-05T23:37:23","Situation":"flat","Type":"ask","Price":5005.00000000,"Amount":200.05745000,"Done":false},{"Time":"2019-04-05T23:42:25","Situation":"flat","Type":"ask","Price":5005.00000000,"Amount":200.05745000,"Done":false},{"Time":"2019-04-05T23:47:25","Situation":"flat","Type":"ask","Price":5005.00000000,"Amount":200.05745000,"Done":false},{"Time":"2019-04-05T23:52:28","Situation":"flat","Type":"ask","Price":5005.00000000,"Amount":196.71370400,"Done":false},{"Time":"2019-04-05T23:52:28","Situation":"flat","Type":"ask","Price":5020.00000000,"Amount":102.70221400,"Done":false},{"Time":"2019-04-05T23:57:28","Situation":"flat","Type":"ask","Price":5005.00000000,"Amount":170.90179000,"Done":false},{"Time":"2019-04-06T00:02:29","Situation":"flat","Type":"ask","Price":5005.00000000,"Amount":170.90179000,"Done":false},{"Time":"2019-04-06T00:07:31","Situation":"flat","Type":"ask","Price":5005.00000000,"Amount":170.90179000,"Done":false},{"Time":"2019-04-06T00:12:35","Situation":"flat","Type":"ask","Price":5005.00000000,"Amount":170.96818300,"Done":false},{"Time":"2019-04-06T00:32:40","Situation":"flat","Type":"ask","Price":5005.00000000,"Amount":170.87561000,"Done":false},{"Time":"2019-04-06T00:37:42","Situation":"flat","Type":"ask","Price":5005.00000000,"Amount":170.87203000,"Done":false},{"Time":"2019-04-06T00:42:44","Situation":"flat","Type":"ask","Price":5005.00000000,"Amount":170.87203000,"Done":false},{"Time":"2019-04-06T00:47:45","Situation":"flat","Type":"ask","Price":5005.00000000,"Amount":170.87203000,"Done":false},{"Time":"2019-04-06T00:52:49","Situation":"flat","Type":"ask","Price":5005.00000000,"Amount":171.02883500,"Done":false},{"Time":"2019-04-06T00:57:53","Situation":"flat","Type":"ask","Price":5005.00000000,"Amount":171.02883500,"Done":false},{"Time":"2019-04-06T01:07:55","Situation":"flat","Type":"ask","Price":5005.00000000,"Amount":174.10670300,"Done":false},{"Time":"2019-04-06T01:12:59","Situation":"flat","Type":"ask","Price":5005.00000000,"Amount":174.10670300,"Done":false},{"Time":"2019-04-06T01:17:59","Situation":"flat","Type":"ask","Price":5005.00000000,"Amount":174.10670300,"Done":false},{"Time":"2019-04-06T01:23:00","Situation":"flat","Type":"ask","Price":5005.00000000,"Amount":174.10670300,"Done":false},{"Time":"2019-04-06T01:28:04","Situation":"flat","Type":"ask","Price":5005.00000000,"Amount":174.10670300,"Done":false},{"Time":"2019-04-06T12:46:24","Situation":"flat","Type":"ask","Price":5010.00000000,"Amount":134.21350100,"Done":false},{"Time":"2019-04-06T13:06:33","Situation":"flat","Type":"ask","Price":5010.00000000,"Amount":134.04495700,"Done":false},{"Time":"2019-04-06T13:11:35","Situation":"flat","Type":"ask","Price":5010.00000000,"Amount":133.88390900,"Done":false},{"Time":"2019-04-06T14:52:12","Situation":"flat","Type":"ask","Price":4999.90000000,"Amount":109.42082800,"Done":false},{"Time":"2019-04-06T16:40:04","Situation":"trend","Type":"ask","Price":5200.00000000,"Amount":101.70440900,"Done":false},{"Time":"2019-04-07T03:05:34","Situation":"flat","Type":"ask","Price":5130.00000000,"Amount":103.21819600,"Done":false},{"Time":"2019-04-07T03:11:02","Situation":"flat","Type":"ask","Price":5130.00000000,"Amount":101.89121800,"Done":false},{"Time":"2019-04-07T16:19:55","Situation":"flat","Type":"ask","Price":5100.00000000,"Amount":230.40061300,"Done":false},{"Time":"2019-04-07T16:20:31","Situation":"trend","Type":"ask","Price":5100.00000000,"Amount":230.46929200,"Done":false},{"Time":"2019-04-07T16:24:49","Situation":"trend","Type":"ask","Price":5100.00000000,"Amount":230.40061300,"Done":true},{"Time":"2019-04-07T16:29:11","Situation":"trend","Type":"ask","Price":5100.00000000,"Amount":230.40061300,"Done":true},{"Time":"2019-04-07T18:24:49","Situation":"flat","Type":"ask","Price":5111.95000000,"Amount":209.52754100,"Done":false},{"Time":"2019-04-07T22:39:39","Situation":"trend","Type":"ask","Price":5200.00000000,"Amount":200.58061600,"Done":false},{"Time":"2019-04-07T22:44:41","Situation":"flat","Type":"ask","Price":5200.00000000,"Amount":195.39175600,"Done":false},{"Time":"2019-04-07T22:48:47","Situation":"trend","Type":"ask","Price":5200.00000000,"Amount":195.39175600,"Done":true},{"Time":"2019-04-07T22:51:19","Situation":"trend","Type":"ask","Price":5200.00000000,"Amount":195.39175600,"Done":true}],"OrderBookBids":[{"Time":"2019-04-01T10:32:52","Situation":"flat","Type":"bid","Price":4129.00000000,"Amount":228.33541200,"Done":false},{"Time":"2019-04-01T10:37:55","Situation":"flat","Type":"bid","Price":4129.00000000,"Amount":207.23952300,"Done":false},{"Time":"2019-04-01T10:42:56","Situation":"flat","Type":"bid","Price":4129.00000000,"Amount":192.43732900,"Done":false},{"Time":"2019-04-02T06:06:29","Situation":"trend","Type":"bid","Price":4620.00000000,"Amount":153.08987200,"Done":false},{"Time":"2019-04-02T20:24:04","Situation":"flat","Type":"bid","Price":4760.00000000,"Amount":110.07484200,"Done":false},{"Time":"2019-04-02T20:26:59","Situation":"trend","Type":"bid","Price":4760.00000000,"Amount":110.15883000,"Done":false},{"Time":"2019-04-02T20:31:59","Situation":"flat","Type":"bid","Price":4760.00000000,"Amount":110.29188500,"Done":false},{"Time":"2019-04-02T20:33:40","Situation":"trend","Type":"bid","Price":4760.00000000,"Amount":110.29188500,"Done":true},{"Time":"2019-04-02T20:34:20","Situation":"trend","Type":"bid","Price":4760.00000000,"Amount":110.29188500,"Done":true},{"Time":"2019-04-02T20:35:51","Situation":"trend","Type":"bid","Price":4760.00000000,"Amount":110.29188500,"Done":true},{"Time":"2019-04-03T05:10:09","Situation":"flat","Type":"bid","Price":4871.21000000,"Amount":100.23516900,"Done":false},{"Time":"2019-04-03T05:17:45","Situation":"trend","Type":"bid","Price":4871.21000000,"Amount":100.23516900,"Done":true},{"Time":"2019-04-03T23:07:02","Situation":"trend","Type":"bid","Price":4750.00000000,"Amount":107.88295400,"Done":false},{"Time":"2019-04-04T08:35:58","Situation":"flat","Type":"bid","Price":5000.51000000,"Amount":207.32298200,"Done":false},{"Time":"2019-04-04T10:40:54","Situation":"flat","Type":"bid","Price":4945.00000000,"Amount":100.20978300,"Done":false},{"Time":"2019-04-04T10:50:58","Situation":"flat","Type":"bid","Price":4945.00000000,"Amount":100.20978300,"Done":false},{"Time":"2019-04-04T10:56:02","Situation":"flat","Type":"bid","Price":4950.00000000,"Amount":100.43371400,"Done":false},{"Time":"2019-04-04T10:56:02","Situation":"flat","Type":"bid","Price":4945.00000000,"Amount":100.20978300,"Done":false},{"Time":"2019-04-04T18:02:49","Situation":"trend","Type":"bid","Price":4840.00000000,"Amount":220.54968600,"Done":false},{"Time":"2019-04-04T18:07:25","Situation":"trend","Type":"bid","Price":4840.00000000,"Amount":199.87893700,"Done":false},{"Time":"2019-04-04T18:17:10","Situation":"trend","Type":"bid","Price":4800.00000000,"Amount":119.28954800,"Done":false},{"Time":"2019-04-04T19:56:55","Situation":"flat","Type":"bid","Price":4800.00000000,"Amount":110.14138100,"Done":false},{"Time":"2019-04-04T19:58:40","Situation":"trend","Type":"bid","Price":4800.00000000,"Amount":107.37617700,"Done":false},{"Time":"2019-04-04T20:02:37","Situation":"trend","Type":"bid","Price":4800.00000000,"Amount":110.14138100,"Done":true},{"Time":"2019-04-06T07:14:39","Situation":"flat","Type":"bid","Price":4988.97000000,"Amount":295.84570600,"Done":false},{"Time":"2019-04-06T08:40:00","Situation":"flat","Type":"bid","Price":4945.00000000,"Amount":203.25599600,"Done":false},{"Time":"2019-04-06T09:30:14","Situation":"flat","Type":"bid","Price":4945.00000000,"Amount":204.89340100,"Done":false},{"Time":"2019-04-06T21:07:19","Situation":"trend","Type":"bid","Price":4945.00000000,"Amount":160.48570700,"Done":false},{"Time":"2019-04-06T23:34:26","Situation":"flat","Type":"bid","Price":5035.50000000,"Amount":196.88777500,"Done":false},{"Time":"2019-04-06T23:39:30","Situation":"flat","Type":"bid","Price":5035.50000000,"Amount":137.80564200,"Done":false},{"Time":"2019-04-06T23:42:45","Situation":"trend","Type":"bid","Price":5035.50000000,"Amount":137.80564200,"Done":false},{"Time":"2019-04-06T23:47:46","Situation":"flat","Type":"bid","Price":5035.50000000,"Amount":137.80564200,"Done":false},{"Time":"2019-04-06T23:50:48","Situation":"trend","Type":"bid","Price":5035.50000000,"Amount":137.80564200,"Done":false},{"Time":"2019-04-07T00:21:06","Situation":"flat","Type":"bid","Price":5049.00000000,"Amount":119.72589300,"Done":false},{"Time":"2019-04-07T00:46:14","Situation":"flat","Type":"bid","Price":5037.35000000,"Amount":119.41627500,"Done":false},{"Time":"2019-04-07T01:46:35","Situation":"flat","Type":"bid","Price":5044.71000000,"Amount":100.00000000,"Done":false},{"Time":"2019-04-07T01:51:35","Situation":"flat","Type":"bid","Price":5044.71000000,"Amount":100.00000000,"Done":false},{"Time":"2019-04-07T01:56:35","Situation":"flat","Type":"bid","Price":5044.71000000,"Amount":100.00000000,"Done":false},{"Time":"2019-04-07T15:38:30","Situation":"flat","Type":"bid","Price":5100.00000000,"Amount":123.80951500,"Done":false},{"Time":"2019-04-07T15:43:32","Situation":"flat","Type":"bid","Price":5100.00000000,"Amount":124.08963200,"Done":false},{"Time":"2019-04-07T16:03:42","Situation":"flat","Type":"bid","Price":5100.00000000,"Amount":128.99197500,"Done":false},{"Time":"2019-04-07T16:09:06","Situation":"trend","Type":"bid","Price":5100.00000000,"Amount":128.99197500,"Done":true},{"Time":"2019-04-07T17:24:30","Situation":"flat","Type":"bid","Price":5100.00000000,"Amount":101.51839700,"Done":false},{"Time":"2019-04-08T01:33:06","Situation":"flat","Type":"bid","Price":5240.00000000,"Amount":100.27094700,"Done":false},{"Time":"2019-04-08T01:38:07","Situation":"flat","Type":"bid","Price":5240.00000000,"Amount":100.43233000,"Done":false},{"Time":"2019-04-08T01:48:12","Situation":"flat","Type":"bid","Price":5240.00000000,"Amount":100.43866800,"Done":false},{"Time":"2019-04-08T01:58:16","Situation":"flat","Type":"bid","Price":5240.00000000,"Amount":100.44921700,"Done":false},{"Time":"2019-04-08T02:53:55","Situation":"trend","Type":"bid","Price":5240.00000000,"Amount":100.92620900,"Done":false},{"Time":"2019-04-08T02:58:56","Situation":"flat","Type":"bid","Price":5240.00000000,"Amount":113.60922000,"Done":false}],"TradeHistory":[{"Time":"2019-04-01T10:47:56","Situation":"flat","Id":"99466213","Type":"market","Side":"sell","OrderTime":"2019-04-01T10:45:19","Price":4129.00000000,"Amount":110.91463700},{"Time":"2019-04-02T05:16:45","Situation":"trend","Id":"99663319","Type":"market","Side":"buy","OrderTime":"2019-04-02T05:16:03","Price":4600.00000000,"Amount":50.20000000},{"Time":"2019-04-02T10:47:14","Situation":"flat","Id":"99876061","Type":"market","Side":"buy","OrderTime":"2019-04-02T10:45:56","Price":4710.00000000,"Amount":69.80775400},{"Time":"2019-04-03T04:50:59","Situation":"trend","Id":"100285096","Type":"market","Side":"sell","OrderTime":"2019-04-03T04:50:59","Price":4780.00000000,"Amount":52.76389000},{"Time":"2019-04-03T19:20:27","Situation":"flat","Id":"100571247","Type":"market","Side":"buy","OrderTime":"2019-04-03T19:16:03","Price":5120.00000000,"Amount":52.51073700},{"Time":"2019-04-04T08:41:00","Situation":"flat","Id":"100900218","Type":"market","Side":"buy","OrderTime":"2019-04-04T08:36:13","Price":5005.00000000,"Amount":92.72165900},{"Time":"2019-04-04T11:19:45","Situation":"trend","Id":"100941930","Type":"market","Side":"buy","OrderTime":"2019-04-04T11:16:02","Price":4900.00000000,"Amount":82.98373100},{"Time":"2019-04-04T11:19:45","Situation":"trend","Id":"100942656","Type":"market","Side":"sell","OrderTime":"2019-04-04T11:17:04","Price":4903.00000000,"Amount":82.80968900},{"Time":"2019-04-04T14:14:49","Situation":"flat","Id":"100982147","Type":"market","Side":"buy","OrderTime":"2019-04-04T14:12:27","Price":5000.00000000,"Amount":50.00000000},{"Time":"2019-04-04T18:12:26","Situation":"flat","Id":"101058534","Type":"market","Side":"sell","OrderTime":"2019-04-04T18:09:51","Price":4840.00000000,"Amount":50.00000000},{"Time":"2019-04-05T14:37:35","Situation":"flat","Id":"101332191","Type":"market","Side":"sell","OrderTime":"2019-04-05T14:34:03","Price":4987.11000000,"Amount":55.20830600},{"Time":"2019-04-06T03:28:34","Situation":"flat","Id":"101445694","Type":"market","Side":"buy","OrderTime":"2019-04-06T03:26:50","Price":5005.00000000,"Amount":174.38532100},{"Time":"2019-04-06T16:37:44","Situation":"trend","Id":"101572646","Type":"market","Side":"buy","OrderTime":"2019-04-06T16:36:40","Price":5149.08000000,"Amount":52.49761800},{"Time":"2019-04-06T21:09:09","Situation":"trend","Id":"101648100","Type":"market","Side":"sell","OrderTime":"2019-04-06T21:07:28","Price":4945.00000000,"Amount":58.73693600}],"TradeDelta":[{"TimeFrom":"2019-04-01T00:01:52","TimeTo":"2019-04-01T00:06:55","Situation":"flat","Value":0.00000000},{"TimeFrom":"2019-04-01T00:06:55","TimeTo":"2019-04-01T00:11:57","Situation":"flat","Value":0.00000000},{"TimeFrom":"2019-04-01T00:11:57","TimeTo":"2019-04-01T00:16:58","Situation":"flat","Value":0.00000000},{"TimeFrom":"2019-04-01T00:16:58","TimeTo":"2019-04-01T00:22:00","Situation":"flat","Value":0.00000000},{"TimeFrom":"2019-04-01T00:22:00","TimeTo":"2019-04-01T00:24:57","Situation":"trend","Value":0.00000000},{"TimeFrom":"2019-04-01T00:24:57","TimeTo":"2019-04-01T00:26:41","Situation":"trend","Value":0.00000000},{"TimeFrom":"2019-04-01T00:26:41","TimeTo":"2019-04-01T00:31:41","Situation":"flat","Value":0.00000000},{"TimeFrom":"2019-04-01T00:31:41","TimeTo":"2019-04-01T00:36:36","Situation":"trend","Value":0.00000000},{"TimeFrom":"2019-04-01T00:36:36","TimeTo":"2019-04-01T00:41:37","Situation":"flat","Value":0.00000000},{"TimeFrom":"2019-04-01T00:41:37","TimeTo":"2019-04-01T00:45:25","Situation":"trend","Value":0.00000000},{"TimeFrom":"2019-04-01T00:45:25","TimeTo":"2019-04-01T00:50:29","Situation":"flat","Value":0.00000000},{"TimeFrom":"2019-04-01T00:50:29","TimeTo":"2019-04-01T00:55:31","Situation":"flat","Value":0.00000000},{"TimeFrom":"2019-04-01T00:55:31","TimeTo":"2019-04-01T01:00:33","Situation":"flat","Value":0.00000000},{"TimeFrom":"2019-04-01T01:00:33","TimeTo":"2019-04-01T01:05:36","Situation":"flat","Value":0.00000000},{"TimeFrom":"2019-04-01T01:05:36","TimeTo":"2019-04-01T01:09:25","Situation":"trend","Value":0.00000000},{"TimeFrom":"2019-04-01T01:09:25","TimeTo":"2019-04-01T01:14:26","Situation":"flat","Value":0.00000000},{"TimeFrom":"2019-04-01T01:14:26","TimeTo":"2019-04-01T01:19:26","Situation":"flat","Value":0.00000000},{"TimeFrom":"2019-04-01T01:19:26","TimeTo":"2019-04-01T01:24:26","Situation":"flat","Value":0.00000000},{"TimeFrom":"2019-04-01T01:24:26","TimeTo":"2019-04-01T01:29:26","Situation":"flat","Value":0.00000000},{"TimeFrom":"2019-04-01T01:29:26","TimeTo":"2019-04-01T01:34:26","Situation":"flat","Value":0.00000000},{"TimeFrom":"2019-04-01T01:34:26","TimeTo":"2019-04-01T01:39:26","Situation":"flat","Value":0.00000000},{"TimeFrom":"2019-04-01T01:39:26","TimeTo":"2019-04-01T01:44:30","Situation":"flat","Value":0.00000000},{"TimeFrom":"2019-04-01T01:44:30","TimeTo":"2019-04-01T01:49:33","Situation":"flat","Value":0.00000000},{"TimeFrom":"2019-04-01T01:49:33","TimeTo":"2019-04-01T01:54:36","Situation":"flat","Value":0.00000000},{"TimeFrom":"2019-04-01T01:54:36","TimeTo":"2019-04-01T01:59:36","Situation":"flat","Value":0.00000000},{"TimeFrom":"2019-04-01T01:59:36","TimeTo":"2019-04-01T02:04:36","Situation":"flat","Value":0.00000000},{"TimeFrom":"2019-04-01T02:04:36","TimeTo":"2019-04-01T02:09:36","Situation":"flat","Value":0.00000000},{"TimeFrom":"2019-04-01T02:09:36","TimeTo":"2019-04-01T02:14:37","Situation":"flat","Value":0.00000000},{"TimeFrom":"2019-04-01T02:14:37","TimeTo":"2019-04-01T02:19:41","Situation":"flat","Value":0.00000000},{"TimeFrom":"2019-04-01T02:19:41","TimeTo":"2019-04-01T02:24:45","Situation":"flat","Value":0.00000000},{"TimeFrom":"2019-04-01T02:24:45","TimeTo":"2019-04-01T02:29:46","Situation":"flat","Value":0.00000000},{"TimeFrom":"2019-04-01T02:29:46","TimeTo":"2019-04-01T02:34:47","Situation":"flat","Value":0.00000000},{"TimeFrom":"2019-04-01T02:34:47","TimeTo":"2019-04-01T02:39:50","Situation":"flat","Value":0.00000000},{"TimeFrom":"2019-04-01T02:39:50","TimeTo":"2019-04-01T02:44:50","Situation":"flat","Value":0.00000000},{"TimeFrom":"2019-04-01T02:44:50","TimeTo":"2019-04-01T02:49:52","Situation":"flat","Value":0.00000000},{"TimeFrom":"2019-04-01T02:49:52","TimeTo":"2019-04-01T02:54:55","Situation":"flat","Value":0.00000000},{"TimeFrom":"2019-04-01T02:54:55","TimeTo":"2019-04-01T02:59:56","Situation":"flat","Value":0.00000000},{"TimeFrom":"2019-04-01T02:59:56","TimeTo":"2019-04-01T03:05:00","Situation":"flat","Value":0.00000000},{"TimeFrom":"2019-04-01T03:05:00","TimeTo":"2019-04-01T03:10:06","Situation":"flat","Value":0.00000000},{"TimeFrom":"2019-04-01T03:10:06","TimeTo":"2019-04-01T03:15:10","Situation":"flat","Value":0.00000000},{"TimeFrom":"2019-04-01T03:15:10","TimeTo":"2019-04-01T03:20:13","Situation":"flat","Value":0.00000000},{"TimeFrom":"2019-04-01T03:20:13","TimeTo":"2019-04-01T03:25:16","Situation":"flat","Value":0.00000000},{"TimeFrom":"2019-04-01T03:25:16","TimeTo":"2019-04-01T03:30:16","Situation":"flat","Value":0.00000000},{"TimeFrom":"2019-04-01T03:30:16","TimeTo":"2019-04-01T03:35:18","Situation":"flat","Value":0.00000000},{"TimeFrom":"2019-04-01T03:35:18","TimeTo":"2019-04-01T03:40:21","Situation":"flat","Value":0.00000000},{"TimeFrom":"2019-04-01T03:40:21","TimeTo":"2019-04-01T03:45:21","Situation":"flat","Value":0.00000000},{"TimeFrom":"2019-04-01T03:45:21","TimeTo":"2019-04-01T03:50:25","Situation":"flat","Value":0.00000000},{"TimeFrom":"2019-04-01T03:50:25","TimeTo":"2019-04-01T03:55:28","Situation":"flat","Value":0.00000000},{"TimeFrom":"2019-04-01T03:55:28","TimeTo":"2019-04-01T04:00:30","Situation":"flat","Value":0.00000000},{"TimeFrom":"2019-04-01T04:00:30","TimeTo":"2019-04-01T04:05:31","Situation":"flat","Value":0.00000000},{"TimeFrom":"2019-04-01T04:05:31","TimeTo":"2019-04-01T04:10:33","Situation":"flat","Value":0.00000000},{"TimeFrom":"2019-04-01T04:10:33","TimeTo":"2019-04-01T04:15:36","Situation":"flat","Value":0.00000000},{"TimeFrom":"2019-04-01T04:15:36","TimeTo":"2019-04-01T04:20:37","Situation":"flat","Value":0.00000000},{"TimeFrom":"2019-04-01T04:20:37","TimeTo":"2019-04-01T04:25:37","Situation":"flat","Value":0.00000000},{"TimeFrom":"2019-04-01T04:25:37","TimeTo":"2019-04-01T04:30:41","Situation":"flat","Value":0.00000000},{"TimeFrom":"2019-04-01T04:30:41","TimeTo":"2019-04-01T04:35:42","Situation":"flat","Value":0.00000000},{"TimeFrom":"2019-04-01T04:35:42","TimeTo":"2019-04-01T04:40:46","Situation":"flat","Value":0.00000000},{"TimeFrom":"2019-04-01T04:40:46","TimeTo":"2019-04-01T04:45:46","Situation":"flat","Value":0.00000000},{"TimeFrom":"2019-04-01T04:45:46","TimeTo":"2019-04-01T04:50:50","Situation":"flat","Value":0.00000000},{"TimeFrom":"2019-04-01T04:50:50","TimeTo":"2019-04-01T04:55:51","Situation":"flat","Value":0.00000000},{"TimeFrom":"2019-04-01T04:55:51","TimeTo":"2019-04-01T05:00:51","Situation":"flat","Value":0.00000000},{"TimeFrom":"2019-04-01T05:00:51","TimeTo":"2019-04-01T05:05:55","Situation":"flat","Value":0.00000000},{"TimeFrom":"2019-04-01T05:05:55","TimeTo":"2019-04-01T05:10:58","Situation":"flat","Value":0.00000000},{"TimeFrom":"2019-04-01T05:10:58","TimeTo":"2019-04-01T05:16:01","Situation":"flat","Value":0.00000000},{"TimeFrom":"2019-04-01T05:16:01","TimeTo":"2019-04-01T05:21:07","Situation":"flat","Value":0.00000000},{"TimeFrom":"2019-04-01T05:21:07","TimeTo":"2019-04-01T05:26:10","Situation":"flat","Value":0.00000000},{"TimeFrom":"2019-04-01T05:26:10","TimeTo":"2019-04-01T05:31:12","Situation":"flat","Value":0.00000000},{"TimeFrom":"2019-04-01T05:31:12","TimeTo":"2019-04-01T05:36:13","Situation":"flat","Value":0.00000000},{"TimeFrom":"2019-04-01T05:36:13","TimeTo":"2019-04-01T05:41:15","Situation":"flat","Value":0.00000000},{"TimeFrom":"2019-04-01T05:41:15","TimeTo":"2019-04-01T05:46:15","Situation":"flat","Value":0.00000000},{"TimeFrom":"2019-04-01T05:46:15","TimeTo":"2019-04-01T05:51:18","Situation":"flat","Value":0.00000000},{"TimeFrom":"2019-04-01T05:51:18","TimeTo":"2019-04-01T05:56:21","Situation":"flat","Value":0.00000000},{"TimeFrom":"2019-04-01T05:56:21","TimeTo":"2019-04-01T06:01:22","Situation":"flat","Value":0.00000000},{"TimeFrom":"2019-04-01T06:01:22","TimeTo":"2019-04-01T06:06:23","Situation":"flat","Value":0.00000000},{"TimeFrom":"2019-04-01T06:06:23","TimeTo":"2019-04-01T06:11:26","Situation":"flat","Value":0.00000000},{"TimeFrom":"2019-04-01T06:11:26","TimeTo":"2019-04-01T06:16:26","Situation":"flat","Value":0.00000000},{"TimeFrom":"2019-04-01T06:16:26","TimeTo":"2019-04-01T06:21:26","Situation":"flat","Value":0.00000000},{"TimeFrom":"2019-04-01T06:21:26","TimeTo":"2019-04-01T06:26:26","Situation":"flat","Value":0.00000000},{"TimeFrom":"2019-04-01T06:26:26","TimeTo":"2019-04-01T06:31:26","Situation":"flat","Value":0.00000000},{"TimeFrom":"2019-04-01T06:31:26","TimeTo":"2019-04-01T06:36:29","Situation":"flat","Value":0.00000000},{"TimeFrom":"2019-04-01T06:36:29","TimeTo":"2019-04-01T06:41:32","Situation":"flat","Value":0.00000000},{"TimeFrom":"2019-04-01T06:41:32","TimeTo":"2019-04-01T06:46:36","Situation":"flat","Value":0.00000000},{"TimeFrom":"2019-04-01T06:46:36","TimeTo":"2019-04-01T06:51:36","Situation":"flat","Value":0.00000000},{"TimeFrom":"2019-04-01T06:51:36","TimeTo":"2019-04-01T06:56:37","Situation":"flat","Value":0.00000000},{"TimeFrom":"2019-04-01T06:56:37","TimeTo":"2019-04-01T07:01:41","Situation":"flat","Value":0.00000000},{"TimeFrom":"2019-04-01T07:01:41","TimeTo":"2019-04-01T07:06:41","Situation":"flat","Value":0.00000000},{"TimeFrom":"2019-04-01T07:06:41","TimeTo":"2019-04-01T07:11:41","Situation":"flat","Value":0.00000000},{"TimeFrom":"2019-04-01T07:11:41","TimeTo":"2019-04-01T07:16:41","Situation":"flat","Value":0.00000000},{"TimeFrom":"2019-04-01T07:16:41","TimeTo":"2019-04-01T07:21:45","Situation":"flat","Value":0.00000000},{"TimeFrom":"2019-04-01T07:21:45","TimeTo":"2019-04-01T07:26:46","Situation":"flat","Value":0.00000000},{"TimeFrom":"2019-04-01T07:26:46","TimeTo":"2019-04-01T07:31:47","Situation":"flat","Value":0.00000000},{"TimeFrom":"2019-04-01T07:31:47","TimeTo":"2019-04-01T07:36:50","Situation":"flat","Value":0.00000000},{"TimeFrom":"2019-04-01T07:36:50","TimeTo":"2019-04-01T07:41:50","Situation":"flat","Value":0.00000000},{"TimeFrom":"2019-04-01T07:41:50","TimeTo":"2019-04-01T07:46:51","Situation":"flat","Value":0.00000000},{"TimeFrom":"2019-04-01T07:46:51","TimeTo":"2019-04-01T07:51:52","Situation":"flat","Value":0.00000000},{"TimeFrom":"2019-04-01T07:51:52","TimeTo":"2019-04-01T07:56:55","Situation":"flat","Value":0.00000000},{"TimeFrom":"2019-04-01T07:56:55","TimeTo":"2019-04-01T08:01:56","Situation":"flat","Value":0.00000000},{"TimeFrom":"2019-04-01T08:01:56","TimeTo":"2019-04-01T08:06:57","Situation":"flat","Value":0.00000000},{"TimeFrom":"2019-04-01T08:06:57","TimeTo":"2019-04-01T08:12:00","Situation":"flat","Value":0.00000000},{"TimeFrom":"2019-04-01T08:12:00","TimeTo":"2019-04-01T08:17:05","Situation":"flat","Value":0.00000000},{"TimeFrom":"2019-04-01T08:17:05","TimeTo":"2019-04-01T08:22:05","Situation":"flat","Value":0.00000000},{"TimeFrom":"2019-04-01T08:22:05","TimeTo":"2019-04-01T08:27:07","Situation":"flat","Value":0.00000000},{"TimeFrom":"2019-04-01T08:27:07","TimeTo":"2019-04-01T08:32:11","Situation":"flat","Value":0.00000000},{"TimeFrom":"2019-04-01T08:32:11","TimeTo":"2019-04-01T08:37:12","Situation":"flat","Value":0.00000000},{"TimeFrom":"2019-04-01T08:37:12","TimeTo":"2019-04-01T08:42:15","Situation":"flat","Value":0.00000000},{"TimeFrom":"2019-04-01T08:42:15","TimeTo":"2019-04-01T08:47:17","Situation":"flat","Value":0.00000000},{"TimeFrom":"2019-04-01T08:47:17","TimeTo":"2019-04-01T08:52:21","Situation":"flat","Value":0.00000000},{"TimeFrom":"2019-04-01T08:52:21","TimeTo":"2019-04-01T08:57:22","Situation":"flat","Value":0.00000000},{"TimeFrom":"2019-04-01T08:57:22","TimeTo":"2019-04-01T09:02:25","Situation":"flat","Value":0.00000000},{"TimeFrom":"2019-04-01T09:02:25","TimeTo":"2019-04-01T09:07:25","Situation":"flat","Value":0.00000000},{"TimeFrom":"2019-04-01T09:07:25","TimeTo":"2019-04-01T09:12:27","Situation":"flat","Value":0.00000000},{"TimeFrom":"2019-04-01T09:12:27","TimeTo":"2019-04-01T09:17:31","Situation":"flat","Value":0.00000000},{"TimeFrom":"2019-04-01T09:17:31","TimeTo":"2019-04-01T09:22:31","Situation":"flat","Value":0.00000000},{"TimeFrom":"2019-04-01T09:22:31","TimeTo":"2019-04-01T09:27:32","Situation":"flat","Value":0.00000000},{"TimeFrom":"2019-04-01T09:27:32","TimeTo":"2019-04-01T09:32:33","Situation":"flat","Value":0.00000000},{"TimeFrom":"2019-04-01T09:32:33","TimeTo":"2019-04-01T09:37:36","Situation":"flat","Value":0.00000000},{"TimeFrom":"2019-04-01T09:37:36","TimeTo":"2019-04-01T09:42:37","Situation":"flat","Value":0.00000000},{"TimeFrom":"2019-04-01T09:42:37","TimeTo":"2019-04-01T09:47:39","Situation":"flat","Value":0.00000000},{"TimeFrom":"2019-04-01T09:47:39","TimeTo":"2019-04-01T09:52:41","Situation":"flat","Value":0.00000000},{"TimeFrom":"2019-04-01T09:52:41","TimeTo":"2019-04-01T09:57:41","Situation":"flat","Value":0.00000000},{"TimeFrom":"2019-04-01T09:57:41","TimeTo":"2019-04-01T10:02:44","Situation":"flat","Value":0.00000000},{"TimeFrom":"2019-04-01T10:02:44","TimeTo":"2019-04-01T10:07:48","Situation":"flat","Value":0.00000000},{"TimeFrom":"2019-04-01T10:07:48","TimeTo":"2019-04-01T10:12:50","Situation":"flat","Value":0.00000000},{"TimeFrom":"2019-04-01T10:12:50","TimeTo":"2019-04-01T10:17:51","Situation":"flat","Value":0.00000000},{"TimeFrom":"2019-04-01T10:17:51","TimeTo":"2019-04-01T10:22:51","Situation":"flat","Value":0.00000000},{"TimeFrom":"2019-04-01T10:22:51","TimeTo":"2019-04-01T10:27:51","Situation":"flat","Value":0.00000000},{"TimeFrom":"2019-04-01T10:27:51","TimeTo":"2019-04-01T10:32:52","Situation":"flat","Value":0.00000000},{"TimeFrom":"2019-04-01T10:32:52","TimeTo":"2019-04-01T10:37:55","Situation":"flat","Value":0.00000000},{"TimeFrom":"2019-04-01T10:37:55","TimeTo":"2019-04-01T10:42:56","Situation":"flat","Value":0.00000000},{"TimeFrom":"2019-04-01T10:42:56","TimeTo":"2019-04-01T10:47:56","Situation":"flat","Value":-110.91463700},{"TimeFrom":"2019-04-01T10:47:56","TimeTo":"2019-04-01T10:52:58","Situation":"flat","Value":0.00000000},{"TimeFrom":"2019-04-01T10:52:58","TimeTo":"2019-04-01T10:58:06","Situation":"flat","Value":0.00000000},{"TimeFrom":"2019-04-01T10:58:06","TimeTo":"2019-04-01T11:03:06","Situation":"flat","Value":0.00000000},{"TimeFrom":"2019-04-01T11:03:06","TimeTo":"2019-04-01T11:08:06","Situation":"flat","Value":0.00000000},{"TimeFrom":"2019-04-01T11:08:06","TimeTo":"2019-04-01T11:13:06","Situation":"flat","Value":0.00000000},{"TimeFrom":"2019-04-01T11:13:06","TimeTo":"2019-04-01T11:18:07","Situation":"flat","Value":0.00000000},{"TimeFrom":"2019-04-01T11:18:07","TimeTo":"2019-04-01T11:23:10","Situation":"flat","Value":0.00000000},{"TimeFrom":"2019-04-01T11:23:10","TimeTo":"2019-04-01T11:28:10","Situation":"flat","Value":0.00000000},{"TimeFrom":"2019-04-01T11:28:10","TimeTo":"2019-04-01T11:33:11","Situation":"flat","Value":0.00000000},{"TimeFrom":"2019-04-01T11:33:11","TimeTo":"2019-04-01T11:38:15","Situation":"flat","Value":0.00000000},{"TimeFrom":"2019-04-01T11:38:15","TimeTo":"2019-04-01T11:43:16","Situation":"flat","Value":0.00000000},{"TimeFrom":"2019-04-01T11:43:16","TimeTo":"2019-04-01T11:48:16","Situation":"flat","Value":0.00000000},{"TimeFrom":"2019-04-01T11:48:16","TimeTo":"2019-04-01T11:53:20","Situation":"flat","Value":0.00000000},{"TimeFrom":"2019-04-01T11:53:20","TimeTo":"2019-04-01T11:58:20","Situation":"flat","Value":0.00000000},{"TimeFrom":"2019-04-01T11:58:20","TimeTo":"2019-04-01T12:03:21","Situation":"flat","Value":0.00000000},{"TimeFrom":"2019-04-01T12:03:21","TimeTo":"2019-04-01T12:08:25","Situation":"flat","Value":0.00000000},{"TimeFrom":"2019-04-01T12:08:25","TimeTo":"2019-04-01T12:13:28","Situation":"flat","Value":0.00000000},{"TimeFrom":"2019-04-01T12:13:28","TimeTo":"2019-04-01T12:18:31","Situation":"flat","Value":0.00000000},{"TimeFrom":"2019-04-01T12:18:31","TimeTo":"2019-04-01T12:23:35","Situation":"flat","Value":0.00000000},{"TimeFrom":"2019-04-01T12:23:35","TimeTo":"2019-04-01T12:28:38","Situation":"flat","Value":0.00000000},{"TimeFrom":"2019-04-01T12:28:38","TimeTo":"2019-04-01T12:33:41","Situation":"flat","Value":0.00000000},{"TimeFrom":"2019-04-01T12:33:41","TimeTo":"2019-04-01T12:38:41","Situation":"flat","Value":0.00000000},{"TimeFrom":"2019-04-01T12:38:41","TimeTo":"2019-04-01T12:43:41","Situation":"flat","Value":0.00000000},{"TimeFrom":"2019-04-01T12:43:41","TimeTo":"2019-04-01T12:48:43","Situation":"flat","Value":0.00000000},{"TimeFrom":"2019-04-01T12:48:43","TimeTo":"2019-04-01T12:53:47","Situation":"flat","Value":0.00000000},{"TimeFrom":"2019-04-01T12:53:47","TimeTo":"2019-04-01T12:58:51","Situation":"flat","Value":0.00000000},{"TimeFrom":"2019-04-01T12:58:51","TimeTo":"2019-04-01T13:03:51","Situation":"flat","Value":0.00000000},{"TimeFrom":"2019-04-01T13:03:51","TimeTo":"2019-04-01T13:08:52","Situation":"flat","Value":0.00000000},{"TimeFrom":"2019-04-01T13:08:52","TimeTo":"2019-04-01T13:13:56","Situation":"flat","Value":0.00000000},{"TimeFrom":"2019-04-01T13:13:56","TimeTo":"2019-04-01T13:18:56","Situation":"flat","Value":0.00000000},{"TimeFrom":"2019-04-01T13:18:56","TimeTo":"2019-04-01T13:23:57","Situation":"flat","Value":0.00000000},{"TimeFrom":"2019-04-01T13:23:57","TimeTo":"2019-04-01T13:28:57","Situation":"flat","Value":0.00000000},{"TimeFrom":"2019-04-01T13:28:57","TimeTo":"2019-04-01T13:33:57","Situation":"flat","Value":0.00000000},{"TimeFrom":"2019-04-01T13:33:57","TimeTo":"2019-04-01T13:38:58","Situation":"flat","Value":0.00000000},{"TimeFrom":"2019-04-01T13:38:58","TimeTo":"2019-04-01T13:44:05","Situation":"flat","Value":0.00000000},{"TimeFrom":"2019-04-01T13:44:05","TimeTo":"2019-04-01T13:49:08","Situation":"flat","Value":0.00000000},{"TimeFrom":"2019-04-01T13:49:08","TimeTo":"2019-04-01T13:54:11","Situation":"flat","Value":0.00000000},{"TimeFrom":"2019-04-01T13:54:11","TimeTo":"2019-04-01T13:59:11","Situation":"flat","Value":0.00000000},{"TimeFrom":"2019-04-01T13:59:11","TimeTo":"2019-04-01T14:04:12","Situation":"flat","Value":0.00000000},{"TimeFrom":"2019-04-01T14:04:12","TimeTo":"2019-04-01T14:09:16","Situation":"flat","Value":0.00000000},{"TimeFrom":"2019-04-01T14:09:16","TimeTo":"2019-04-01T14:14:16","Situation":"flat","Value":0.00000000},{"TimeFrom":"2019-04-01T14:14:16","TimeTo":"2019-04-01T14:19:20","Situation":"flat","Value":0.00000000},{"TimeFrom":"2019-04-01T14:19:20","TimeTo":"2019-04-01T14:24:21","Situation":"flat","Value":0.00000000},{"TimeFrom":"2019-04-01T14:24:21","TimeTo":"2019-04-01T14:29:21","Situation":"flat","Value":0.00000000},{"TimeFrom":"2019-04-01T14:29:21","TimeTo":"2019-04-01T14:34:21","Situation":"flat","Value":0.00000000},{"TimeFrom":"2019-04-01T14:34:21","TimeTo":"2019-04-01T14:39:22","Situation":"flat","Value":0.00000000},{"TimeFrom":"2019-04-01T14:39:22","TimeTo":"2019-04-01T14:44:26","Situation":"flat","Value":0.00000000},{"TimeFrom":"2019-04-01T14:44:26","TimeTo":"2019-04-01T14:49:26","Situation":"flat","Value":0.00000000},{"TimeFrom":"2019-04-01T14:49:26","TimeTo":"2019-04-01T14:54:26","Situation":"flat","Value":0.00000000},{"TimeFrom":"2019-04-01T14:54:26","TimeTo":"2019-04-01T14:59:28","Situation":"flat","Value":0.00000000},{"TimeFrom":"2019-04-01T14:59:28","TimeTo":"2019-04-01T15:04:32","Situation":"flat","Value":0.00000000},{"TimeFrom":"2019-04-01T15:04:32","TimeTo":"2019-04-01T15:09:36","Situation":"flat","Value":0.00000000},{"TimeFrom":"2019-04-01T15:09:36","TimeTo":"2019-04-01T15:14:36","Situation":"flat","Value":0.00000000},{"TimeFrom":"2019-04-01T15:14:36","TimeTo":"2019-04-01T15:19:36","Situation":"flat","Value":0.00000000},{"TimeFrom":"2019-04-01T15:19:36","TimeTo":"2019-04-01T15:24:37","Situation":"flat","Value":0.00000000},{"TimeFrom":"2019-04-01T15:24:37","TimeTo":"2019-04-01T15:29:37","Situation":"flat","Value":0.00000000},{"TimeFrom":"2019-04-01T15:29:37","TimeTo":"2019-04-01T15:34:41","Situation":"flat","Value":0.00000000},{"TimeFrom":"2019-04-01T15:34:41","TimeTo":"2019-04-01T15:39:41","Situation":"flat","Value":0.00000000},{"TimeFrom":"2019-04-01T15:39:41","TimeTo":"2019-04-01T15:44:42","Situation":"flat","Value":0.00000000},{"TimeFrom":"2019-04-01T15:44:42","TimeTo":"2019-04-01T15:49:45","Situation":"flat","Value":0.00000000},{"TimeFrom":"2019-04-01T15:49:45","TimeTo":"2019-04-01T15:54:47","Situation":"flat","Value":0.00000000},{"TimeFrom":"2019-04-01T15:54:47","TimeTo":"2019-04-01T15:59:51","Situation":"flat","Value":0.00000000},{"TimeFrom":"2019-04-01T15:59:51","TimeTo":"2019-04-01T16:04:51","Situation":"flat","Value":0.00000000},{"TimeFrom":"2019-04-01T16:04:51","TimeTo":"2019-04-01T16:09:53","Situation":"flat","Value":0.00000000},{"TimeFrom":"2019-04-01T16:09:53","TimeTo":"2019-04-01T16:14:53","Situation":"flat","Value":0.00000000},{"TimeFrom":"2019-04-01T16:14:53","TimeTo":"2019-04-01T16:19:56","Situation":"flat","Value":0.00000000},{"TimeFrom":"2019-04-01T16:19:56","TimeTo":"2019-04-01T16:25:00","Situation":"flat","Value":0.00000000},{"TimeFrom":"2019-04-01T16:25:00","TimeTo":"2019-04-01T16:30:07","Situation":"flat","Value":0.00000000},{"TimeFrom":"2019-04-01T16:30:07","TimeTo":"2019-04-01T16:35:11","Situation":"flat","Value":0.00000000},{"TimeFrom":"2019-04-01T16:35:11","TimeTo":"2019-04-01T16:40:11","Situation":"flat","Value":0.00000000},{"TimeFrom":"2019-04-01T16:40:11","TimeTo":"2019-04-01T16:45:12","Situation":"flat","Value":0.00000000},{"TimeFrom":"2019-04-01T16:45:12","TimeTo":"2019-04-01T16:50:15","Situation":"flat","Value":0.00000000},{"TimeFrom":"2019-04-01T16:50:15","TimeTo":"2019-04-01T16:55:15","Situation":"flat","Value":0.00000000},{"TimeFrom":"2019-04-01T16:55:15","TimeTo":"2019-04-01T17:00:17","Situation":"flat","Value":0.00000000},{"TimeFrom":"2019-04-01T17:00:17","TimeTo":"2019-04-01T17:05:17","Situation":"flat","Value":0.00000000},{"TimeFrom":"2019-04-01T17:05:17","TimeTo":"2019-04-01T17:10:21","Situation":"flat","Value":0.00000000},{"TimeFrom":"2019-04-01T17:10:21","TimeTo":"2019-04-01T17:15:22","Situation":"flat","Value":0.00000000},{"TimeFrom":"2019-04-01T17:15:22","TimeTo":"2019-04-01T17:20:26","Situation":"flat","Value":0.00000000},{"TimeFrom":"2019-04-01T17:20:26","TimeTo":"2019-04-01T17:25:27","Situation":"flat","Value":0.00000000},{"TimeFrom":"2019-04-01T17:25:27","TimeTo":"2019-04-01T17:30:27","Situation":"flat","Value":0.00000000},{"TimeFrom":"2019-04-01T17:30:27","TimeTo":"2019-04-01T17:35:27","Situation":"flat","Value":0.00000000},{"TimeFrom":"2019-04-01T17:35:27","TimeTo":"2019-04-01T17:40:30","Situation":"flat","Value":0.00000000},{"TimeFrom":"2019-04-01T17:40:30","TimeTo":"2019-04-01T17:45:32","Situation":"flat","Value":0.00000000},{"TimeFrom":"2019-04-01T17:45:32","TimeTo":"2019-04-01T17:50:35","Situation":"flat","Value":0.00000000},{"TimeFrom":"2019-04-01T17:50:35","TimeTo":"2019-04-01T17:55:38","Situation":"flat","Value":0.00000000},{"TimeFrom":"2019-04-01T17:55:38","TimeTo":"2019-04-01T18:00:39","Situation":"flat","Value":0.00000000},{"TimeFrom":"2019-04-01T18:00:39","TimeTo":"2019-04-01T18:05:40","Situation":"flat","Value":0.00000000},{"TimeFrom":"2019-04-01T18:05:40","TimeTo":"2019-04-01T18:10:42","Situation":"flat","Value":0.00000000},{"TimeFrom":"2019-04-01T18:10:42","TimeTo":"2019-04-01T18:15:42","Situation":"flat","Value":0.00000000},{"TimeFrom":"2019-04-01T18:15:42","TimeTo":"2019-04-01T18:20:42","Situation":"flat","Value":0.00000000},{"TimeFrom":"2019-04-01T18:20:42","TimeTo":"2019-04-01T18:25:42","Situation":"flat","Value":0.00000000},{"TimeFrom":"2019-04-01T18:25:42","TimeTo":"2019-04-01T18:30:46","Situation":"flat","Value":0.00000000},{"TimeFrom":"2019-04-01T18:30:46","TimeTo":"2019-04-01T18:35:48","Situation":"flat","Value":0.00000000},{"TimeFrom":"2019-04-01T18:35:48","TimeTo":"2019-04-01T18:40:52","Situation":"flat","Value":0.00000000},{"TimeFrom":"2019-04-01T18:40:52","TimeTo":"2019-04-01T18:45:56","Situation":"flat","Value":0.00000000},{"TimeFrom":"2019-04-01T18:45:56","TimeTo":"2019-04-01T18:50:57","Situation":"flat","Value":0.00000000},{"TimeFrom":"2019-04-01T18:50:57","TimeTo":"2019-04-01T18:56:05","Situation":"flat","Value":0.00000000},{"TimeFrom":"2019-04-01T18:56:05","TimeTo":"2019-04-01T19:01:10","Situation":"flat","Value":0.00000000},{"TimeFrom":"2019-04-01T19:01:10","TimeTo":"2019-04-01T19:06:12","Situation":"flat","Value":0.00000000},{"TimeFrom":"2019-04-01T19:06:12","TimeTo":"2019-04-01T19:11:15","Situation":"flat","Value":0.00000000},{"TimeFrom":"2019-04-01T19:11:15","TimeTo":"2019-04-01T19:24:42","Situation":"flat","Value":0.00000000},{"TimeFrom":"2019-04-01T19:24:42","TimeTo":"2019-04-01T19:29:43","Situation":"flat","Value":0.00000000},{"TimeFrom":"2019-04-01T19:24:42","TimeTo":"2019-04-01T19:29:46","Situation":"flat","Value":0.00000000},{"TimeFrom":"2019-04-01T19:29:43","TimeTo":"2019-04-01T19:34:44","Situation":"flat","Value":0.00000000},{"TimeFrom":"2019-04-01T19:29:46","TimeTo":"2019-04-01T19:34:50","Situation":"flat","Value":0.00000000},{"TimeFrom":"2019-04-01T19:34:44","TimeTo":"2019-04-01T19:39:47","Situation":"flat","Value":0.00000000},{"TimeFrom":"2019-04-01T19:34:50","TimeTo":"2019-04-01T19:39:53","Situation":"flat","Value":0.00000000},{"TimeFrom":"2019-04-01T19:39:47","TimeTo":"2019-04-01T19:44:51","Situation":"flat","Value":0.00000000},{"TimeFrom":"2019-04-01T19:39:53","TimeTo":"2019-04-01T19:44:55","Situation":"flat","Value":0.00000000},{"TimeFrom":"2019-04-01T19:44:51","TimeTo":"2019-04-01T19:49:57","Situation":"flat","Value":0.00000000},{"TimeFrom":"2019-04-01T19:44:55","TimeTo":"2019-04-01T19:50:00","Situation":"flat","Value":0.00000000},{"TimeFrom":"2019-04-01T19:48:35","TimeTo":"2019-04-01T19:53:35","Situation":"flat","Value":0.00000000},{"TimeFrom":"2019-04-01T19:49:57","TimeTo":"2019-04-01T19:55:00","Situation":"flat","Value":0.00000000},{"TimeFrom":"2019-04-01T19:50:00","TimeTo":"2019-04-01T19:55:03","Situation":"flat","Value":0.00000000},{"TimeFrom":"2019-04-01T19:53:35","TimeTo":"2019-04-01T19:58:36","Situation":"flat","Value":0.00000000},{"TimeFrom":"2019-04-01T19:55:00","TimeTo":"2019-04-01T20:00:17","Situation":"flat","Value":0.00000000},{"TimeFrom":"2019-04-01T19:55:03","TimeTo":"2019-04-01T20:00:16","Situation":"flat","Value":0.00000000},{"TimeFrom":"2019-04-01T19:58:36","TimeTo":"2019-04-01T20:03:37","Situation":"flat","Value":0.00000000},{"TimeFrom":"2019-04-01T20:00:16","TimeTo":"2019-04-01T20:05:23","Situation":"flat","Value":0.00000000},{"TimeFrom":"2019-04-01T20:00:17","TimeTo":"2019-04-01T20:05:18","Situation":"flat","Value":0.00000000},{"TimeFrom":"2019-04-01T20:03:37","TimeTo":"2019-04-01T20:08:37","Situation":"flat","Value":0.00000000},{"TimeFrom":"2019-04-01T20:05:18","TimeTo":"2019-04-01T20:10:25","Situation":"flat","Value":0.00000000},{"TimeFrom":"2019-04-01T20:05:23","TimeTo":"2019-04-01T20:10:30","Situation":"flat","Value":0.00000000},{"TimeFrom":"2019-04-01T20:08:37","TimeTo":"2019-04-01T20:13:45","Situation":"flat","Value":0.00000000},{"TimeFrom":"2019-04-01T20:10:25","TimeTo":"2019-04-01T20:15:32","Situation":"flat","Value":0.00000000},{"TimeFrom":"2019-04-01T20:10:30","TimeTo":"2019-04-01T20:15:32","Situation":"flat","Value":0.00000000},{"TimeFrom":"2019-04-01T20:13:45","TimeTo":"2019-04-01T20:18:50","Situation":"flat","Value":0.00000000},{"TimeFrom":"2019-04-01T20:15:32","TimeTo":"2019-04-01T20:20:33","Situation":"flat","Value":0.00000000},{"TimeFrom":"2019-04-01T20:15:32","TimeTo":"2019-04-01T20:20:34","Situation":"flat","Value":0.00000000},{"TimeFrom":"2019-04-01T20:18:50","TimeTo":"2019-04-01T20:23:50","Situation":"flat","Value":0.00000000},{"TimeFrom":"2019-04-01T20:20:33","TimeTo":"2019-04-01T20:25:38","Situation":"flat","Value":0.00000000},{"TimeFrom":"2019-04-01T20:20:34","TimeTo":"2019-04-01T20:25:38","Situation":"flat","Value":0.00000000},{"TimeFrom":"2019-04-01T20:23:50","TimeTo":"2019-04-01T20:28:55","Situation":"flat","Value":0.00000000},{"TimeFrom":"2019-04-01T20:25:38","TimeTo":"2019-04-01T20:30:38","Situation":"flat","Value":0.00000000},{"TimeFrom":"2019-04-01T20:25:38","TimeTo":"2019-04-01T20:30:40","Situation":"flat","Value":0.00000000},{"TimeFrom":"2019-04-01T20:28:55","TimeTo":"2019-04-01T20:33:58","Situation":"flat","Value":0.00000000},{"TimeFrom":"2019-04-01T20:30:38","TimeTo":"2019-04-01T20:35:46","Situation":"flat","Value":0.00000000},{"TimeFrom":"2019-04-01T20:30:40","TimeTo":"2019-04-01T20:35:41","Situation":"flat","Value":0.00000000},{"TimeFrom":"2019-04-01T20:33:58","TimeTo":"2019-04-01T20:39:10","Situation":"flat","Value":0.00000000},{"TimeFrom":"2019-04-01T20:35:41","TimeTo":"2019-04-01T20:40:47","Situation":"flat","Value":0.00000000},{"TimeFrom":"2019-04-01T20:35:46","TimeTo":"2019-04-01T20:40:49","Situation":"flat","Value":0.00000000},{"TimeFrom":"2019-04-01T20:45:10","TimeTo":"2019-04-01T20:50:15","Situation":"flat","Value":0.00000000},{"TimeFrom":"2019-04-01T20:50:15","TimeTo":"2019-04-01T20:55:15","Situation":"flat","Value":0.00000000},{"TimeFrom":"2019-04-01T20:55:15","TimeTo":"2019-04-01T21:00:15","Situation":"flat","Value":0.00000000},{"TimeFrom":"2019-04-01T21:00:15","TimeTo":"2019-04-01T21:05:19","Situation":"flat","Value":0.00000000},{"TimeFrom":"2019-04-01T21:05:19","TimeTo":"2019-04-01T21:10:20","Situation":"flat","Value":0.00000000},{"TimeFrom":"2019-04-01T21:10:20","TimeTo":"2019-04-01T21:15:20","Situation":"flat","Value":0.00000000},{"TimeFrom":"2019-04-01T21:15:20","TimeTo":"2019-04-01T21:20:20","Situation":"flat","Value":0.00000000},{"TimeFrom":"2019-04-01T21:20:20","TimeTo":"2019-04-01T21:25:24","Situation":"flat","Value":0.00000000},{"TimeFrom":"2019-04-01T21:25:24","TimeTo":"2019-04-01T21:30:24","Situation":"flat","Value":0.00000000},{"TimeFrom":"2019-04-01T21:30:24","TimeTo":"2019-04-01T21:35:24","Situation":"flat","Value":0.00000000},{"TimeFrom":"2019-04-01T21:35:24","TimeTo":"2019-04-01T21:40:28","Situation":"flat","Value":0.00000000},{"TimeFrom":"2019-04-01T21:40:28","TimeTo":"2019-04-01T21:45:30","Situation":"flat","Value":0.00000000},{"TimeFrom":"2019-04-01T21:45:30","TimeTo":"2019-04-01T21:50:30","Situation":"flat","Value":0.00000000},{"TimeFrom":"2019-04-01T21:50:30","TimeTo":"2019-04-01T21:55:30","Situation":"flat","Value":0.00000000},{"TimeFrom":"2019-04-01T21:55:30","TimeTo":"2019-04-01T22:00:30","Situation":"flat","Value":0.00000000},{"TimeFrom":"2019-04-01T22:00:30","TimeTo":"2019-04-01T22:05:30","Situation":"flat","Value":0.00000000},{"TimeFrom":"2019-04-01T22:05:30","TimeTo":"2019-04-01T22:10:36","Situation":"flat","Value":0.00000000},{"TimeFrom":"2019-04-01T22:10:36","TimeTo":"2019-04-01T22:15:39","Situation":"flat","Value":0.00000000},{"TimeFrom":"2019-04-01T22:15:39","TimeTo":"2019-04-01T22:20:39","Situation":"flat","Value":0.00000000},{"TimeFrom":"2019-04-01T22:20:39","TimeTo":"2019-04-01T22:25:40","Situation":"flat","Value":0.00000000},{"TimeFrom":"2019-04-01T22:25:40","TimeTo":"2019-04-01T22:30:40","Situation":"flat","Value":0.00000000},{"TimeFrom":"2019-04-01T22:30:40","TimeTo":"2019-04-01T22:35:41","Situation":"flat","Value":0.00000000},{"TimeFrom":"2019-04-01T22:35:41","TimeTo":"2019-04-01T22:40:44","Situation":"flat","Value":0.00000000},{"TimeFrom":"2019-04-01T22:40:44","TimeTo":"2019-04-01T22:45:44","Situation":"flat","Value":0.00000000},{"TimeFrom":"2019-04-01T22:45:44","TimeTo":"2019-04-01T22:50:44","Situation":"flat","Value":0.00000000},{"TimeFrom":"2019-04-01T22:50:44","TimeTo":"2019-04-01T22:55:44","Situation":"flat","Value":0.00000000},{"TimeFrom":"2019-04-01T22:55:44","TimeTo":"2019-04-01T23:00:44","Situation":"flat","Value":0.00000000},{"TimeFrom":"2019-04-01T23:00:44","TimeTo":"2019-04-01T23:05:44","Situation":"flat","Value":0.00000000},{"TimeFrom":"2019-04-01T23:05:44","TimeTo":"2019-04-01T23:10:44","Situation":"flat","Value":0.00000000},{"TimeFrom":"2019-04-01T23:10:44","TimeTo":"2019-04-01T23:15:44","Situation":"flat","Value":0.00000000},{"TimeFrom":"2019-04-01T23:15:44","TimeTo":"2019-04-01T23:20:44","Situation":"flat","Value":0.00000000},{"TimeFrom":"2019-04-01T23:20:44","TimeTo":"2019-04-01T23:25:44","Situation":"flat","Value":0.00000000},{"TimeFrom":"2019-04-01T23:25:44","TimeTo":"2019-04-01T23:30:45","Situation":"flat","Value":0.00000000},{"TimeFrom":"2019-04-01T23:30:45","TimeTo":"2019-04-01T23:35:45","Situation":"flat","Value":0.00000000},{"TimeFrom":"2019-04-01T23:35:45","TimeTo":"2019-04-01T23:40:45","Situation":"flat","Value":0.00000000},{"TimeFrom":"2019-04-01T23:40:45","TimeTo":"2019-04-01T23:45:49","Situation":"flat","Value":0.00000000},{"TimeFrom":"2019-04-01T23:45:49","TimeTo":"2019-04-01T23:50:50","Situation":"flat","Value":0.00000000},{"TimeFrom":"2019-04-01T23:50:50","TimeTo":"2019-04-01T23:55:51","Situation":"flat","Value":0.00000000},{"TimeFrom":"2019-04-01T23:55:51","TimeTo":"2019-04-02T00:00:54","Situation":"flat","Value":0.00000000},{"TimeFrom":"2019-04-02T00:00:54","TimeTo":"2019-04-02T00:05:54","Situation":"flat","Value":0.00000000},{"TimeFrom":"2019-04-02T00:05:54","TimeTo":"2019-04-02T00:10:55","Situation":"flat","Value":0.00000000},{"TimeFrom":"2019-04-02T00:10:55","TimeTo":"2019-04-02T00:15:55","Situation":"flat","Value":0.00000000},{"TimeFrom":"2019-04-02T00:15:55","TimeTo":"2019-04-02T00:20:55","Situation":"flat","Value":0.00000000},{"TimeFrom":"2019-04-02T00:20:55","TimeTo":"2019-04-02T00:25:55","Situation":"flat","Value":0.00000000},{"TimeFrom":"2019-04-02T00:25:55","TimeTo":"2019-04-02T00:30:59","Situation":"flat","Value":0.00000000},{"TimeFrom":"2019-04-02T00:30:59","TimeTo":"2019-04-02T00:35:59","Situation":"flat","Value":0.00000000},{"TimeFrom":"2019-04-02T00:35:59","TimeTo":"2019-04-02T00:41:00","Situation":"flat","Value":0.00000000},{"TimeFrom":"2019-04-02T00:41:00","TimeTo":"2019-04-02T00:46:04","Situation":"flat","Value":0.00000000},{"TimeFrom":"2019-04-02T00:46:04","TimeTo":"2019-04-02T00:51:04","Situation":"flat","Value":0.00000000},{"TimeFrom":"2019-04-02T00:51:04","TimeTo":"2019-04-02T00:56:04","Situation":"flat","Value":0.00000000},{"TimeFrom":"2019-04-02T00:56:04","TimeTo":"2019-04-02T01:01:04","Situation":"flat","Value":0.00000000},{"TimeFrom":"2019-04-02T01:01:04","TimeTo":"2019-04-02T01:06:05","Situation":"flat","Value":0.00000000},{"TimeFrom":"2019-04-02T01:06:05","TimeTo":"2019-04-02T01:11:05","Situation":"flat","Value":0.00000000},{"TimeFrom":"2019-04-02T01:11:05","TimeTo":"2019-04-02T01:16:05","Situation":"flat","Value":0.00000000},{"TimeFrom":"2019-04-02T01:16:05","TimeTo":"2019-04-02T01:21:05","Situation":"flat","Value":0.00000000},{"TimeFrom":"2019-04-02T01:21:05","TimeTo":"2019-04-02T01:26:05","Situation":"flat","Value":0.00000000},{"TimeFrom":"2019-04-02T01:26:05","TimeTo":"2019-04-02T01:31:08","Situation":"flat","Value":0.00000000},{"TimeFrom":"2019-04-02T01:31:08","TimeTo":"2019-04-02T01:36:11","Situation":"flat","Value":0.00000000},{"TimeFrom":"2019-04-02T01:36:11","TimeTo":"2019-04-02T01:41:14","Situation":"flat","Value":0.00000000},{"TimeFrom":"2019-04-02T01:41:14","TimeTo":"2019-04-02T01:46:15","Situation":"flat","Value":0.00000000},{"TimeFrom":"2019-04-02T01:46:15","TimeTo":"2019-04-02T01:51:15","Situation":"flat","Value":0.00000000},{"TimeFrom":"2019-04-02T01:51:15","TimeTo":"2019-04-02T01:56:15","Situation":"flat","Value":0.00000000},{"TimeFrom":"2019-04-02T01:56:15","TimeTo":"2019-04-02T02:01:15","Situation":"flat","Value":0.00000000},{"TimeFrom":"2019-04-02T02:01:15","TimeTo":"2019-04-02T02:06:15","Situation":"flat","Value":0.00000000},{"TimeFrom":"2019-04-02T02:06:15","TimeTo":"2019-04-02T02:11:15","Situation":"flat","Value":0.00000000},{"TimeFrom":"2019-04-02T02:11:15","TimeTo":"2019-04-02T02:16:15","Situation":"flat","Value":0.00000000},{"TimeFrom":"2019-04-02T02:16:15","TimeTo":"2019-04-02T02:21:15","Situation":"flat","Value":0.00000000},{"TimeFrom":"2019-04-02T02:21:15","TimeTo":"2019-04-02T02:26:15","Situation":"flat","Value":0.00000000},{"TimeFrom":"2019-04-02T02:26:15","TimeTo":"2019-04-02T02:31:15","Situation":"flat","Value":0.00000000},{"TimeFrom":"2019-04-02T02:31:15","TimeTo":"2019-04-02T02:36:15","Situation":"flat","Value":0.00000000},{"TimeFrom":"2019-04-02T02:36:15","TimeTo":"2019-04-02T02:41:18","Situation":"flat","Value":0.00000000},{"TimeFrom":"2019-04-02T02:41:18","TimeTo":"2019-04-02T02:46:19","Situation":"flat","Value":0.00000000},{"TimeFrom":"2019-04-02T02:46:19","TimeTo":"2019-04-02T02:51:19","Situation":"flat","Value":0.00000000},{"TimeFrom":"2019-04-02T02:51:19","TimeTo":"2019-04-02T02:56:19","Situation":"flat","Value":0.00000000},{"TimeFrom":"2019-04-02T02:56:19","TimeTo":"2019-04-02T03:01:19","Situation":"flat","Value":0.00000000},{"TimeFrom":"2019-04-02T03:01:19","TimeTo":"2019-04-02T03:06:20","Situation":"flat","Value":0.00000000},{"TimeFrom":"2019-04-02T03:06:20","TimeTo":"2019-04-02T03:11:24","Situation":"flat","Value":0.00000000},{"TimeFrom":"2019-04-02T03:11:24","TimeTo":"2019-04-02T03:16:25","Situation":"flat","Value":0.00000000},{"TimeFrom":"2019-04-02T03:16:25","TimeTo":"2019-04-02T03:21:29","Situation":"flat","Value":0.00000000},{"TimeFrom":"2019-04-02T03:21:29","TimeTo":"2019-04-02T03:26:30","Situation":"flat","Value":0.00000000},{"TimeFrom":"2019-04-02T03:26:30","TimeTo":"2019-04-02T03:31:30","Situation":"flat","Value":0.00000000},{"TimeFrom":"2019-04-02T03:31:30","TimeTo":"2019-04-02T03:36:30","Situation":"flat","Value":0.00000000},{"TimeFrom":"2019-04-02T03:36:30","TimeTo":"2019-04-02T03:41:34","Situation":"flat","Value":0.00000000},{"TimeFrom":"2019-04-02T03:41:34","TimeTo":"2019-04-02T03:46:35","Situation":"flat","Value":0.00000000},{"TimeFrom":"2019-04-02T03:46:35","TimeTo":"2019-04-02T03:51:35","Situation":"flat","Value":0.00000000},{"TimeFrom":"2019-04-02T03:51:35","TimeTo":"2019-04-02T03:56:35","Situation":"flat","Value":0.00000000},{"TimeFrom":"2019-04-02T03:56:35","TimeTo":"2019-04-02T04:01:35","Situation":"flat","Value":0.00000000},{"TimeFrom":"2019-04-02T04:01:35","TimeTo":"2019-04-02T04:06:35","Situation":"flat","Value":0.00000000},{"TimeFrom":"2019-04-02T04:06:35","TimeTo":"2019-04-02T04:11:35","Situation":"flat","Value":0.00000000},{"TimeFrom":"2019-04-02T04:11:35","TimeTo":"2019-04-02T04:16:36","Situation":"flat","Value":0.00000000},{"TimeFrom":"2019-04-02T04:16:36","TimeTo":"2019-04-02T04:21:39","Situation":"flat","Value":0.00000000},{"TimeFrom":"2019-04-02T04:21:39","TimeTo":"2019-04-02T04:26:40","Situation":"flat","Value":0.00000000},{"TimeFrom":"2019-04-02T04:26:40","TimeTo":"2019-04-02T04:31:44","Situation":"flat","Value":0.00000000},{"TimeFrom":"2019-04-02T04:31:44","TimeTo":"2019-04-02T04:32:25","Situation":"trend","Value":0.00000000},{"TimeFrom":"2019-04-02T04:32:25","TimeTo":"2019-04-02T04:32:50","Situation":"trend","Value":0.00000000},{"TimeFrom":"2019-04-02T04:32:50","TimeTo":"2019-04-02T04:33:10","Situation":"trend","Value":0.00000000},{"TimeFrom":"2019-04-02T04:33:10","TimeTo":"2019-04-02T04:33:30","Situation":"trend","Value":0.00000000},{"TimeFrom":"2019-04-02T04:33:30","TimeTo":"2019-04-02T04:34:05","Situation":"trend","Value":0.00000000},{"TimeFrom":"2019-04-02T04:34:05","TimeTo":"2019-04-02T04:34:55","Situation":"trend","Value":0.00000000},{"TimeFrom":"2019-04-02T04:34:55","TimeTo":"2019-04-02T04:36:00","Situation":"trend","Value":0.00000000},{"TimeFrom":"2019-04-02T04:36:00","TimeTo":"2019-04-02T04:36:44","Situation":"trend","Value":0.00000000},{"TimeFrom":"2019-04-02T04:36:44","TimeTo":"2019-04-02T04:37:29","Situation":"trend","Value":0.00000000},{"TimeFrom":"2019-04-02T04:37:29","TimeTo":"2019-04-02T04:38:29","Situation":"trend","Value":0.00000000},{"TimeFrom":"2019-04-02T04:38:29","TimeTo":"2019-04-02T04:39:29","Situation":"trend","Value":0.00000000},{"TimeFrom":"2019-04-02T04:39:29","TimeTo":"2019-04-02T04:43:14","Situation":"trend","Value":0.00000000},{"TimeFrom":"2019-04-02T04:43:14","TimeTo":"2019-04-02T04:47:29","Situation":"trend","Value":0.00000000},{"TimeFrom":"2019-04-02T04:47:29","TimeTo":"2019-04-02T04:49:29","Situation":"trend","Value":0.00000000},{"TimeFrom":"2019-04-02T04:49:29","TimeTo":"2019-04-02T04:50:05","Situation":"trend","Value":0.00000000},{"TimeFrom":"2019-04-02T04:50:05","TimeTo":"2019-04-02T04:50:35","Situation":"trend","Value":0.00000000},{"TimeFrom":"2019-04-02T04:50:35","TimeTo":"2019-04-02T04:51:05","Situation":"trend","Value":0.00000000},{"TimeFrom":"2019-04-02T04:51:05","TimeTo":"2019-04-02T04:51:59","Situation":"trend","Value":0.00000000},{"TimeFrom":"2019-04-02T04:51:59","TimeTo":"2019-04-02T04:52:39","Situation":"trend","Value":0.00000000},{"TimeFrom":"2019-04-02T04:52:39","TimeTo":"2019-04-02T04:54:19","Situation":"trend","Value":0.00000000},{"TimeFrom":"2019-04-02T04:54:19","TimeTo":"2019-04-02T04:56:09","Situation":"trend","Value":0.00000000},{"TimeFrom":"2019-04-02T04:56:09","TimeTo":"2019-04-02T04:56:29","Situation":"trend","Value":0.00000000},{"TimeFrom":"2019-04-02T04:56:29","TimeTo":"2019-04-02T04:56:54","Situation":"trend","Value":0.00000000},{"TimeFrom":"2019-04-02T04:56:54","TimeTo":"2019-04-02T04:57:19","Situation":"trend","Value":0.00000000},{"TimeFrom":"2019-04-02T04:57:19","TimeTo":"2019-04-02T04:59:49","Situation":"trend","Value":0.00000000},{"TimeFrom":"2019-04-02T04:59:49","TimeTo":"2019-04-02T05:00:40","Situation":"trend","Value":0.00000000},{"TimeFrom":"2019-04-02T05:00:40","TimeTo":"2019-04-02T05:02:24","Situation":"trend","Value":0.00000000},{"TimeFrom":"2019-04-02T05:02:24","TimeTo":"2019-04-02T05:03:29","Situation":"trend","Value":0.00000000},{"TimeFrom":"2019-04-02T05:03:29","TimeTo":"2019-04-02T05:03:54","Situation":"trend","Value":0.00000000},{"TimeFrom":"2019-04-02T05:03:54","TimeTo":"2019-04-02T05:05:04","Situation":"trend","Value":0.00000000},{"TimeFrom":"2019-04-02T05:05:04","TimeTo":"2019-04-02T05:10:05","Situation":"flat","Value":0.00000000},{"TimeFrom":"2019-04-02T05:10:05","TimeTo":"2019-04-02T05:10:10","Situation":"trend","Value":0.00000000},{"TimeFrom":"2019-04-02T05:10:10","TimeTo":"2019-04-02T05:12:15","Situation":"trend","Value":0.00000000},{"TimeFrom":"2019-04-02T05:12:15","TimeTo":"2019-04-02T05:14:50","Situation":"trend","Value":0.00000000},{"TimeFrom":"2019-04-02T05:14:50","TimeTo":"2019-04-02T05:15:35","Situation":"trend","Value":0.00000000},{"TimeFrom":"2019-04-02T05:15:35","TimeTo":"2019-04-02T05:16:45","Situation":"trend","Value":50.20000000},{"TimeFrom":"2019-04-02T05:16:45","TimeTo":"2019-04-02T05:17:20","Situation":"trend","Value":0.00000000},{"TimeFrom":"2019-04-02T05:17:20","TimeTo":"2019-04-02T05:17:50","Situation":"trend","Value":0.00000000},{"TimeFrom":"2019-04-02T05:17:50","TimeTo":"2019-04-02T05:19:40","Situation":"trend","Value":0.00000000},{"TimeFrom":"2019-04-02T05:19:40","TimeTo":"2019-04-02T05:19:50","Situation":"trend","Value":0.00000000},{"TimeFrom":"2019-04-02T05:19:50","TimeTo":"2019-04-02T05:21:06","Situation":"trend","Value":0.00000000},{"TimeFrom":"2019-04-02T05:21:06","TimeTo":"2019-04-02T05:21:36","Situation":"trend","Value":0.00000000},{"TimeFrom":"2019-04-02T05:21:36","TimeTo":"2019-04-02T05:22:27","Situation":"trend","Value":0.00000000},{"TimeFrom":"2019-04-02T05:22:27","TimeTo":"2019-04-02T05:23:04","Situation":"trend","Value":0.00000000},{"TimeFrom":"2019-04-02T05:23:04","TimeTo":"2019-04-02T05:23:54","Situation":"trend","Value":0.00000000},{"TimeFrom":"2019-04-02T05:23:54","TimeTo":"2019-04-02T05:24:29","Situation":"trend","Value":0.00000000},{"TimeFrom":"2019-04-02T05:24:29","TimeTo":"2019-04-02T05:24:49","Situation":"trend","Value":0.00000000},{"TimeFrom":"2019-04-02T05:24:49","TimeTo":"2019-04-02T05:25:19","Situation":"trend","Value":0.00000000},{"TimeFrom":"2019-04-02T05:25:19","TimeTo":"2019-04-02T05:26:30","Situation":"trend","Value":0.00000000},{"TimeFrom":"2019-04-02T05:26:30","TimeTo":"2019-04-02T05:27:09","Situation":"trend","Value":0.00000000},{"TimeFrom":"2019-04-02T05:27:09","TimeTo":"2019-04-02T05:28:09","Situation":"trend","Value":0.00000000},{"TimeFrom":"2019-04-02T05:28:09","TimeTo":"2019-04-02T05:29:04","Situation":"trend","Value":0.00000000},{"TimeFrom":"2019-04-02T05:29:04","TimeTo":"2019-04-02T05:31:04","Situation":"trend","Value":0.00000000},{"TimeFrom":"2019-04-02T05:31:04","TimeTo":"2019-04-02T05:32:10","Situation":"trend","Value":0.00000000},{"TimeFrom":"2019-04-02T05:32:10","TimeTo":"2019-04-02T05:32:49","Situation":"trend","Value":0.00000000},{"TimeFrom":"2019-04-02T05:32:49","TimeTo":"2019-04-02T05:35:03","Situation":"trend","Value":0.00000000},{"TimeFrom":"2019-04-02T05:35:03","TimeTo":"2019-04-02T05:35:23","Situation":"trend","Value":0.00000000},{"TimeFrom":"2019-04-02T05:35:23","TimeTo":"2019-04-02T05:35:53","Situation":"trend","Value":0.00000000},{"TimeFrom":"2019-04-02T05:35:53","TimeTo":"2019-04-02T05:36:09","Situation":"trend","Value":0.00000000},{"TimeFrom":"2019-04-02T05:36:09","TimeTo":"2019-04-02T05:37:29","Situation":"trend","Value":0.00000000},{"TimeFrom":"2019-04-02T05:37:29","TimeTo":"2019-04-02T05:39:34","Situation":"trend","Value":0.00000000},{"TimeFrom":"2019-04-02T05:39:34","TimeTo":"2019-04-02T05:40:39","Situation":"trend","Value":0.00000000},{"TimeFrom":"2019-04-02T05:40:39","TimeTo":"2019-04-02T05:42:14","Situation":"trend","Value":0.00000000},{"TimeFrom":"2019-04-02T05:42:14","TimeTo":"2019-04-02T05:43:39","Situation":"trend","Value":0.00000000},{"TimeFrom":"2019-04-02T05:43:39","TimeTo":"2019-04-02T05:48:15","Situation":"trend","Value":0.00000000},{"TimeFrom":"2019-04-02T05:48:15","TimeTo":"2019-04-02T05:49:05","Situation":"trend","Value":0.00000000},{"TimeFrom":"2019-04-02T05:49:05","TimeTo":"2019-04-02T05:49:40","Situation":"trend","Value":0.00000000},{"TimeFrom":"2019-04-02T05:49:40","TimeTo":"2019-04-02T05:50:45","Situation":"trend","Value":0.00000000},{"TimeFrom":"2019-04-02T05:50:45","TimeTo":"2019-04-02T05:51:20","Situation":"trend","Value":0.00000000},{"TimeFrom":"2019-04-02T05:51:20","TimeTo":"2019-04-02T05:52:25","Situation":"trend","Value":0.00000000},{"TimeFrom":"2019-04-02T05:52:25","TimeTo":"2019-04-02T05:53:39","Situation":"trend","Value":0.00000000},{"TimeFrom":"2019-04-02T05:53:39","TimeTo":"2019-04-02T05:54:09","Situation":"trend","Value":0.00000000},{"TimeFrom":"2019-04-02T05:54:09","TimeTo":"2019-04-02T05:55:30","Situation":"trend","Value":0.00000000},{"TimeFrom":"2019-04-02T05:55:30","TimeTo":"2019-04-02T05:57:25","Situation":"trend","Value":0.00000000},{"TimeFrom":"2019-04-02T05:57:25","TimeTo":"2019-04-02T06:02:20","Situation":"trend","Value":0.00000000},{"TimeFrom":"2019-04-02T06:02:20","TimeTo":"2019-04-02T06:04:05","Situation":"trend","Value":0.00000000},{"TimeFrom":"2019-04-02T06:04:05","TimeTo":"2019-04-02T06:06:29","Situation":"trend","Value":0.00000000},{"TimeFrom":"2019-04-02T06:06:29","TimeTo":"2019-04-02T06:07:44","Situation":"trend","Value":0.00000000},{"TimeFrom":"2019-04-02T06:07:44","TimeTo":"2019-04-02T06:11:14","Situation":"trend","Value":0.00000000},{"TimeFrom":"2019-04-02T06:11:14","TimeTo":"2019-04-02T06:12:44","Situation":"trend","Value":0.00000000},{"TimeFrom":"2019-04-02T06:12:44","TimeTo":"2019-04-02T06:14:45","Situation":"trend","Value":0.00000000},{"TimeFrom":"2019-04-02T06:14:45","TimeTo":"2019-04-02T06:17:24","Situation":"trend","Value":0.00000000},{"TimeFrom":"2019-04-02T06:17:24","TimeTo":"2019-04-02T06:19:04","Situation":"trend","Value":0.00000000},{"TimeFrom":"2019-04-02T06:19:04","TimeTo":"2019-04-02T06:23:11","Situation":"trend","Value":0.00000000},{"TimeFrom":"2019-04-02T06:23:11","TimeTo":"2019-04-02T06:26:53","Situation":"trend","Value":0.00000000},{"TimeFrom":"2019-04-02T06:26:53","TimeTo":"2019-04-02T06:31:54","Situation":"flat","Value":0.00000000},{"TimeFrom":"2019-04-02T06:31:54","TimeTo":"2019-04-02T06:34:49","Situation":"trend","Value":0.00000000},{"TimeFrom":"2019-04-02T06:34:49","TimeTo":"2019-04-02T06:37:54","Situation":"trend","Value":0.00000000},{"TimeFrom":"2019-04-02T06:37:54","TimeTo":"2019-04-02T06:41:29","Situation":"trend","Value":0.00000000},{"TimeFrom":"2019-04-02T06:41:29","TimeTo":"2019-04-02T06:46:29","Situation":"flat","Value":0.00000000},{"TimeFrom":"2019-04-02T06:46:29","TimeTo":"2019-04-02T06:48:25","Situation":"trend","Value":0.00000000},{"TimeFrom":"2019-04-02T06:48:25","TimeTo":"2019-04-02T06:51:45","Situation":"trend","Value":0.00000000},{"TimeFrom":"2019-04-02T06:51:45","TimeTo":"2019-04-02T06:53:00","Situation":"trend","Value":0.00000000},{"TimeFrom":"2019-04-02T06:53:00","TimeTo":"2019-04-02T06:54:45","Situation":"trend","Value":0.00000000},{"TimeFrom":"2019-04-02T06:54:45","TimeTo":"2019-04-02T06:56:54","Situation":"trend","Value":0.00000000},{"TimeFrom":"2019-04-02T06:56:54","TimeTo":"2019-04-02T07:01:54","Situation":"flat","Value":0.00000000},{"TimeFrom":"2019-04-02T07:01:54","TimeTo":"2019-04-02T07:06:55","Situation":"flat","Value":0.00000000},{"TimeFrom":"2019-04-02T07:06:55","TimeTo":"2019-04-02T07:11:59","Situation":"flat","Value":0.00000000},{"TimeFrom":"2019-04-02T07:11:59","TimeTo":"2019-04-02T07:17:04","Situation":"flat","Value":0.00000000},{"TimeFrom":"2019-04-02T07:17:04","TimeTo":"2019-04-02T07:19:35","Situation":"trend","Value":0.00000000},{"TimeFrom":"2019-04-02T07:19:35","TimeTo":"2019-04-02T07:24:38","Situation":"flat","Value":0.00000000},{"TimeFrom":"2019-04-02T07:24:38","TimeTo":"2019-04-02T07:27:54","Situation":"trend","Value":0.00000000},{"TimeFrom":"2019-04-02T07:27:54","TimeTo":"2019-04-02T07:32:54","Situation":"flat","Value":0.00000000},{"TimeFrom":"2019-04-02T07:32:54","TimeTo":"2019-04-02T07:37:58","Situation":"flat","Value":0.00000000},{"TimeFrom":"2019-04-02T07:37:58","TimeTo":"2019-04-02T07:42:59","Situation":"flat","Value":0.00000000},{"TimeFrom":"2019-04-02T07:42:59","TimeTo":"2019-04-02T07:44:59","Situation":"trend","Value":0.00000000},{"TimeFrom":"2019-04-02T07:44:59","TimeTo":"2019-04-02T07:49:59","Situation":"flat","Value":0.00000000},{"TimeFrom":"2019-04-02T07:49:59","TimeTo":"2019-04-02T07:54:59","Situation":"flat","Value":0.00000000},{"TimeFrom":"2019-04-02T07:54:59","TimeTo":"2019-04-02T08:00:00","Situation":"flat","Value":0.00000000},{"TimeFrom":"2019-04-02T08:00:00","TimeTo":"2019-04-02T08:03:56","Situation":"trend","Value":0.00000000},{"TimeFrom":"2019-04-02T08:03:56","TimeTo":"2019-04-02T08:09:00","Situation":"flat","Value":0.00000000},{"TimeFrom":"2019-04-02T08:09:00","TimeTo":"2019-04-02T08:12:44","Situation":"trend","Value":0.00000000},{"TimeFrom":"2019-04-02T08:12:44","TimeTo":"2019-04-02T08:17:00","Situation":"trend","Value":0.00000000},{"TimeFrom":"2019-04-02T08:17:00","TimeTo":"2019-04-02T08:22:00","Situation":"flat","Value":0.00000000},{"TimeFrom":"2019-04-02T08:22:00","TimeTo":"2019-04-02T08:27:03","Situation":"flat","Value":0.00000000},{"TimeFrom":"2019-04-02T08:27:03","TimeTo":"2019-04-02T08:32:05","Situation":"flat","Value":0.00000000},{"TimeFrom":"2019-04-02T08:32:05","TimeTo":"2019-04-02T08:37:05","Situation":"flat","Value":0.00000000},{"TimeFrom":"2019-04-02T08:37:05","TimeTo":"2019-04-02T08:42:06","Situation":"flat","Value":0.00000000},{"TimeFrom":"2019-04-02T08:42:06","TimeTo":"2019-04-02T08:47:09","Situation":"flat","Value":0.00000000},{"TimeFrom":"2019-04-02T08:47:09","TimeTo":"2019-04-02T08:52:13","Situation":"flat","Value":0.00000000},{"TimeFrom":"2019-04-02T08:52:13","TimeTo":"2019-04-02T08:57:14","Situation":"flat","Value":0.00000000},{"TimeFrom":"2019-04-02T08:57:14","TimeTo":"2019-04-02T09:02:15","Situation":"flat","Value":0.00000000},{"TimeFrom":"2019-04-02T09:02:15","TimeTo":"2019-04-02T09:07:19","Situation":"flat","Value":0.00000000},{"TimeFrom":"2019-04-02T09:07:19","TimeTo":"2019-04-02T09:12:19","Situation":"flat","Value":0.00000000},{"TimeFrom":"2019-04-02T09:12:19","TimeTo":"2019-04-02T09:16:40","Situation":"trend","Value":0.00000000},{"TimeFrom":"2019-04-02T09:16:40","TimeTo":"2019-04-02T09:21:44","Situation":"flat","Value":0.00000000},{"TimeFrom":"2019-04-02T09:21:44","TimeTo":"2019-04-02T09:25:11","Situation":"trend","Value":0.00000000},{"TimeFrom":"2019-04-02T09:25:11","TimeTo":"2019-04-02T09:28:50","Situation":"trend","Value":0.00000000},{"TimeFrom":"2019-04-02T09:28:50","TimeTo":"2019-04-02T09:33:53","Situation":"flat","Value":0.00000000},{"TimeFrom":"2019-04-02T09:33:53","TimeTo":"2019-04-02T09:34:43","Situation":"trend","Value":0.00000000},{"TimeFrom":"2019-04-02T09:34:43","TimeTo":"2019-04-02T09:37:20","Situation":"trend","Value":0.00000000},{"TimeFrom":"2019-04-02T09:37:20","TimeTo":"2019-04-02T09:41:25","Situation":"trend","Value":0.00000000},{"TimeFrom":"2019-04-02T09:41:25","TimeTo":"2019-04-02T09:46:29","Situation":"flat","Value":0.00000000},{"TimeFrom":"2019-04-02T09:46:29","TimeTo":"2019-04-02T09:47:39","Situation":"trend","Value":0.00000000},{"TimeFrom":"2019-04-02T09:47:39","TimeTo":"2019-04-02T09:52:40","Situation":"flat","Value":0.00000000},{"TimeFrom":"2019-04-02T09:52:40","TimeTo":"2019-04-02T09:55:35","Situation":"trend","Value":0.00000000},{"TimeFrom":"2019-04-02T09:55:35","TimeTo":"2019-04-02T10:00:37","Situation":"flat","Value":0.00000000},{"TimeFrom":"2019-04-02T10:00:37","TimeTo":"2019-04-02T10:05:39","Situation":"flat","Value":0.00000000},{"TimeFrom":"2019-04-02T10:05:39","TimeTo":"2019-04-02T10:08:54","Situation":"trend","Value":0.00000000},{"TimeFrom":"2019-04-02T10:08:54","TimeTo":"2019-04-02T10:13:45","Situation":"trend","Value":0.00000000},{"TimeFrom":"2019-04-02T10:13:45","TimeTo":"2019-04-02T10:18:46","Situation":"flat","Value":0.00000000},{"TimeFrom":"2019-04-02T10:18:46","TimeTo":"2019-04-02T10:22:08","Situation":"trend","Value":0.00000000},{"TimeFrom":"2019-04-02T10:22:08","TimeTo":"2019-04-02T10:27:10","Situation":"flat","Value":0.00000000},{"TimeFrom":"2019-04-02T10:27:10","TimeTo":"2019-04-02T10:32:10","Situation":"flat","Value":0.00000000},{"TimeFrom":"2019-04-02T10:32:10","TimeTo":"2019-04-02T10:37:10","Situation":"flat","Value":0.00000000},{"TimeFrom":"2019-04-02T10:37:10","TimeTo":"2019-04-02T10:42:14","Situation":"flat","Value":0.00000000},{"TimeFrom":"2019-04-02T10:42:14","TimeTo":"2019-04-02T10:47:14","Situation":"flat","Value":69.80775400},{"TimeFrom":"2019-04-02T10:47:14","TimeTo":"2019-04-02T10:52:14","Situation":"flat","Value":0.00000000},{"TimeFrom":"2019-04-02T10:52:14","TimeTo":"2019-04-02T10:57:15","Situation":"flat","Value":0.00000000},{"TimeFrom":"2019-04-02T10:57:15","TimeTo":"2019-04-02T11:02:15","Situation":"flat","Value":0.00000000},{"TimeFrom":"2019-04-02T11:02:15","TimeTo":"2019-04-02T11:07:19","Situation":"flat","Value":0.00000000},{"TimeFrom":"2019-04-02T11:07:19","TimeTo":"2019-04-02T11:09:25","Situation":"trend","Value":0.00000000},{"TimeFrom":"2019-04-02T11:09:25","TimeTo":"2019-04-02T11:14:25","Situation":"flat","Value":0.00000000},{"TimeFrom":"2019-04-02T11:14:25","TimeTo":"2019-04-02T11:19:25","Situation":"flat","Value":0.00000000},{"TimeFrom":"2019-04-02T11:19:25","TimeTo":"2019-04-02T11:24:29","Situation":"flat","Value":0.00000000},{"TimeFrom":"2019-04-02T11:24:29","TimeTo":"2019-04-02T11:29:29","Situation":"flat","Value":0.00000000},{"TimeFrom":"2019-04-02T11:29:29","TimeTo":"2019-04-02T11:34:33","Situation":"flat","Value":0.00000000},{"TimeFrom":"2019-04-02T11:34:33","TimeTo":"2019-04-02T11:39:35","Situation":"flat","Value":0.00000000},{"TimeFrom":"2019-04-02T11:39:35","TimeTo":"2019-04-02T11:44:35","Situation":"flat","Value":0.00000000},{"TimeFrom":"2019-04-02T11:44:35","TimeTo":"2019-04-02T11:49:35","Situation":"flat","Value":0.00000000},{"TimeFrom":"2019-04-02T11:49:35","TimeTo":"2019-04-02T11:54:38","Situation":"flat","Value":0.00000000},{"TimeFrom":"2019-04-02T11:54:38","TimeTo":"2019-04-02T11:59:40","Situation":"flat","Value":0.00000000},{"TimeFrom":"2019-04-02T11:59:40","TimeTo":"2019-04-02T12:04:44","Situation":"flat","Value":0.00000000},{"TimeFrom":"2019-04-02T12:04:44","TimeTo":"2019-04-02T12:09:44","Situation":"flat","Value":0.00000000},{"TimeFrom":"2019-04-02T12:09:44","TimeTo":"2019-04-02T12:14:45","Situation":"flat","Value":0.00000000},{"TimeFrom":"2019-04-02T12:14:45","TimeTo":"2019-04-02T12:19:47","Situation":"flat","Value":0.00000000},{"TimeFrom":"2019-04-02T12:19:47","TimeTo":"2019-04-02T12:24:50","Situation":"flat","Value":0.00000000},{"TimeFrom":"2019-04-02T12:24:50","TimeTo":"2019-04-02T12:29:50","Situation":"flat","Value":0.00000000},{"TimeFrom":"2019-04-02T12:29:50","TimeTo":"2019-04-02T12:34:54","Situation":"flat","Value":0.00000000},{"TimeFrom":"2019-04-02T12:34:54","TimeTo":"2019-04-02T12:36:30","Situation":"trend","Value":0.00000000},{"TimeFrom":"2019-04-02T12:36:30","TimeTo":"2019-04-02T12:41:13","Situation":"trend","Value":0.00000000},{"TimeFrom":"2019-04-02T12:41:13","TimeTo":"2019-04-02T12:46:14","Situation":"flat","Value":0.00000000},{"TimeFrom":"2019-04-02T12:46:14","TimeTo":"2019-04-02T12:51:15","Situation":"flat","Value":0.00000000},{"TimeFrom":"2019-04-02T12:51:15","TimeTo":"2019-04-02T12:54:25","Situation":"trend","Value":0.00000000},{"TimeFrom":"2019-04-02T12:54:25","TimeTo":"2019-04-02T12:59:29","Situation":"flat","Value":0.00000000},{"TimeFrom":"2019-04-02T12:59:29","TimeTo":"2019-04-02T13:04:33","Situation":"flat","Value":0.00000000},{"TimeFrom":"2019-04-02T13:04:33","TimeTo":"2019-04-02T13:09:33","Situation":"flat","Value":0.00000000},{"TimeFrom":"2019-04-02T13:09:33","TimeTo":"2019-04-02T13:14:23","Situation":"trend","Value":0.00000000},{"TimeFrom":"2019-04-02T13:14:23","TimeTo":"2019-04-02T13:19:25","Situation":"flat","Value":0.00000000},{"TimeFrom":"2019-04-02T13:19:25","TimeTo":"2019-04-02T13:24:25","Situation":"flat","Value":0.00000000},{"TimeFrom":"2019-04-02T13:24:25","TimeTo":"2019-04-02T13:29:25","Situation":"flat","Value":0.00000000},{"TimeFrom":"2019-04-02T13:29:25","TimeTo":"2019-04-02T13:34:27","Situation":"flat","Value":0.00000000},{"TimeFrom":"2019-04-02T13:34:27","TimeTo":"2019-04-02T13:39:30","Situation":"flat","Value":0.00000000},{"TimeFrom":"2019-04-02T13:39:30","TimeTo":"2019-04-02T13:44:30","Situation":"flat","Value":0.00000000},{"TimeFrom":"2019-04-02T13:44:30","TimeTo":"2019-04-02T13:49:31","Situation":"flat","Value":0.00000000},{"TimeFrom":"2019-04-02T13:49:31","TimeTo":"2019-04-02T13:54:35","Situation":"flat","Value":0.00000000},{"TimeFrom":"2019-04-02T13:54:35","TimeTo":"2019-04-02T13:59:36","Situation":"flat","Value":0.00000000},{"TimeFrom":"2019-04-02T13:59:36","TimeTo":"2019-04-02T14:04:40","Situation":"flat","Value":0.00000000},{"TimeFrom":"2019-04-02T14:04:40","TimeTo":"2019-04-02T14:09:04","Situation":"trend","Value":0.00000000},{"TimeFrom":"2019-04-02T14:09:04","TimeTo":"2019-04-02T14:09:44","Situation":"trend","Value":0.00000000},{"TimeFrom":"2019-04-02T14:09:44","TimeTo":"2019-04-02T14:09:49","Situation":"trend","Value":0.00000000},{"TimeFrom":"2019-04-02T14:09:49","TimeTo":"2019-04-02T14:10:44","Situation":"trend","Value":0.00000000},{"TimeFrom":"2019-04-02T14:10:44","TimeTo":"2019-04-02T14:11:31","Situation":"trend","Value":0.00000000},{"TimeFrom":"2019-04-02T14:11:31","TimeTo":"2019-04-02T14:12:59","Situation":"trend","Value":0.00000000},{"TimeFrom":"2019-04-02T14:12:59","TimeTo":"2019-04-02T14:18:04","Situation":"flat","Value":0.00000000},{"TimeFrom":"2019-04-02T14:18:04","TimeTo":"2019-04-02T14:18:14","Situation":"trend","Value":0.00000000},{"TimeFrom":"2019-04-02T14:18:14","TimeTo":"2019-04-02T14:21:04","Situation":"trend","Value":0.00000000},{"TimeFrom":"2019-04-02T14:21:04","TimeTo":"2019-04-02T14:26:08","Situation":"flat","Value":0.00000000},{"TimeFrom":"2019-04-02T14:26:08","TimeTo":"2019-04-02T14:27:54","Situation":"trend","Value":0.00000000},{"TimeFrom":"2019-04-02T14:27:54","TimeTo":"2019-04-02T14:32:55","Situation":"flat","Value":0.00000000},{"TimeFrom":"2019-04-02T14:32:55","TimeTo":"2019-04-02T14:37:59","Situation":"flat","Value":0.00000000},{"TimeFrom":"2019-04-02T14:37:59","TimeTo":"2019-04-02T14:43:00","Situation":"flat","Value":0.00000000},{"TimeFrom":"2019-04-02T14:43:00","TimeTo":"2019-04-02T14:45:39","Situation":"trend","Value":0.00000000},{"TimeFrom":"2019-04-02T14:45:39","TimeTo":"2019-04-02T14:50:39","Situation":"flat","Value":0.00000000},{"TimeFrom":"2019-04-02T14:50:39","TimeTo":"2019-04-02T14:55:40","Situation":"flat","Value":0.00000000},{"TimeFrom":"2019-04-02T14:55:40","TimeTo":"2019-04-02T15:00:42","Situation":"flat","Value":0.00000000},{"TimeFrom":"2019-04-02T15:00:42","TimeTo":"2019-04-02T15:05:44","Situation":"flat","Value":0.00000000},{"TimeFrom":"2019-04-02T15:05:44","TimeTo":"2019-04-02T15:10:42","Situation":"trend","Value":0.00000000},{"TimeFrom":"2019-04-02T15:10:42","TimeTo":"2019-04-02T15:15:44","Situation":"flat","Value":0.00000000},{"TimeFrom":"2019-04-02T15:15:44","TimeTo":"2019-04-02T15:20:45","Situation":"flat","Value":0.00000000},{"TimeFrom":"2019-04-02T15:20:45","TimeTo":"2019-04-02T15:25:47","Situation":"flat","Value":0.00000000},{"TimeFrom":"2019-04-02T15:25:47","TimeTo":"2019-04-02T15:30:51","Situation":"flat","Value":0.00000000},{"TimeFrom":"2019-04-02T15:30:51","TimeTo":"2019-04-02T15:35:54","Situation":"flat","Value":0.00000000},{"TimeFrom":"2019-04-02T15:35:54","TimeTo":"2019-04-02T15:40:54","Situation":"flat","Value":0.00000000},{"TimeFrom":"2019-04-02T15:40:54","TimeTo":"2019-04-02T15:45:55","Situation":"flat","Value":0.00000000},{"TimeFrom":"2019-04-02T15:45:55","TimeTo":"2019-04-02T15:50:55","Situation":"flat","Value":0.00000000},{"TimeFrom":"2019-04-02T15:50:55","TimeTo":"2019-04-02T15:55:59","Situation":"flat","Value":0.00000000},{"TimeFrom":"2019-04-02T15:55:59","TimeTo":"2019-04-02T16:01:04","Situation":"flat","Value":0.00000000},{"TimeFrom":"2019-04-02T16:01:04","TimeTo":"2019-04-02T16:05:04","Situation":"trend","Value":0.00000000},{"TimeFrom":"2019-04-02T16:05:04","TimeTo":"2019-04-02T16:10:04","Situation":"flat","Value":0.00000000},{"TimeFrom":"2019-04-02T16:10:04","TimeTo":"2019-04-02T16:15:08","Situation":"flat","Value":0.00000000},{"TimeFrom":"2019-04-02T16:15:08","TimeTo":"2019-04-02T16:20:10","Situation":"flat","Value":0.00000000},{"TimeFrom":"2019-04-02T16:20:10","TimeTo":"2019-04-02T16:25:14","Situation":"flat","Value":0.00000000},{"TimeFrom":"2019-04-02T16:25:14","TimeTo":"2019-04-02T16:30:15","Situation":"flat","Value":0.00000000},{"TimeFrom":"2019-04-02T16:30:15","TimeTo":"2019-04-02T16:35:19","Situation":"flat","Value":0.00000000},{"TimeFrom":"2019-04-02T16:35:19","TimeTo":"2019-04-02T16:40:20","Situation":"flat","Value":0.00000000},{"TimeFrom":"2019-04-02T16:40:20","TimeTo":"2019-04-02T16:45:20","Situation":"flat","Value":0.00000000},{"TimeFrom":"2019-04-02T16:45:20","TimeTo":"2019-04-02T16:50:20","Situation":"flat","Value":0.00000000},{"TimeFrom":"2019-04-02T16:50:20","TimeTo":"2019-04-02T16:55:20","Situation":"flat","Value":0.00000000},{"TimeFrom":"2019-04-02T16:55:20","TimeTo":"2019-04-02T17:00:24","Situation":"flat","Value":0.00000000},{"TimeFrom":"2019-04-02T17:00:24","TimeTo":"2019-04-02T17:05:26","Situation":"flat","Value":0.00000000},{"TimeFrom":"2019-04-02T17:05:26","TimeTo":"2019-04-02T17:10:29","Situation":"flat","Value":0.00000000},{"TimeFrom":"2019-04-02T17:10:29","TimeTo":"2019-04-02T17:15:29","Situation":"flat","Value":0.00000000},{"TimeFrom":"2019-04-02T17:15:29","TimeTo":"2019-04-02T17:20:30","Situation":"flat","Value":0.00000000},{"TimeFrom":"2019-04-02T17:20:30","TimeTo":"2019-04-02T17:25:34","Situation":"flat","Value":0.00000000},{"TimeFrom":"2019-04-02T17:25:34","TimeTo":"2019-04-02T17:27:09","Situation":"trend","Value":0.00000000},{"TimeFrom":"2019-04-02T17:27:09","TimeTo":"2019-04-02T17:29:29","Situation":"trend","Value":0.00000000},{"TimeFrom":"2019-04-02T17:29:29","TimeTo":"2019-04-02T17:34:33","Situation":"flat","Value":0.00000000},{"TimeFrom":"2019-04-02T17:34:33","TimeTo":"2019-04-02T17:39:35","Situation":"flat","Value":0.00000000},{"TimeFrom":"2019-04-02T17:39:35","TimeTo":"2019-04-02T17:44:35","Situation":"flat","Value":0.00000000},{"TimeFrom":"2019-04-02T17:44:35","TimeTo":"2019-04-02T17:49:35","Situation":"flat","Value":0.00000000},{"TimeFrom":"2019-04-02T17:49:35","TimeTo":"2019-04-02T17:54:35","Situation":"flat","Value":0.00000000},{"TimeFrom":"2019-04-02T17:54:35","TimeTo":"2019-04-02T17:59:36","Situation":"flat","Value":0.00000000},{"TimeFrom":"2019-04-02T17:59:36","TimeTo":"2019-04-02T18:04:38","Situation":"flat","Value":0.00000000},{"TimeFrom":"2019-04-02T18:04:38","TimeTo":"2019-04-02T18:09:39","Situation":"flat","Value":0.00000000},{"TimeFrom":"2019-04-02T18:09:39","TimeTo":"2019-04-02T18:14:40","Situation":"flat","Value":0.00000000},{"TimeFrom":"2019-04-02T18:14:40","TimeTo":"2019-04-02T18:19:44","Situation":"flat","Value":0.00000000},{"TimeFrom":"2019-04-02T18:19:44","TimeTo":"2019-04-02T18:24:44","Situation":"flat","Value":0.00000000},{"TimeFrom":"2019-04-02T18:24:44","TimeTo":"2019-04-02T18:29:48","Situation":"flat","Value":0.00000000},{"TimeFrom":"2019-04-02T18:29:48","TimeTo":"2019-04-02T18:34:50","Situation":"flat","Value":0.00000000},{"TimeFrom":"2019-04-02T18:34:50","TimeTo":"2019-04-02T18:39:53","Situation":"flat","Value":0.00000000},{"TimeFrom":"2019-04-02T18:39:53","TimeTo":"2019-04-02T18:44:55","Situation":"flat","Value":0.00000000},{"TimeFrom":"2019-04-02T18:44:55","TimeTo":"2019-04-02T18:49:59","Situation":"flat","Value":0.00000000},{"TimeFrom":"2019-04-02T18:49:59","TimeTo":"2019-04-02T18:55:00","Situation":"flat","Value":0.00000000},{"TimeFrom":"2019-04-02T18:55:00","TimeTo":"2019-04-02T19:00:00","Situation":"flat","Value":0.00000000},{"TimeFrom":"2019-04-02T19:00:00","TimeTo":"2019-04-02T19:05:03","Situation":"flat","Value":0.00000000},{"TimeFrom":"2019-04-02T19:05:03","TimeTo":"2019-04-02T19:10:06","Situation":"flat","Value":0.00000000},{"TimeFrom":"2019-04-02T19:10:06","TimeTo":"2019-04-02T19:15:10","Situation":"flat","Value":0.00000000},{"TimeFrom":"2019-04-02T19:15:10","TimeTo":"2019-04-02T19:20:10","Situation":"flat","Value":0.00000000},{"TimeFrom":"2019-04-02T19:20:10","TimeTo":"2019-04-02T19:25:14","Situation":"flat","Value":0.00000000},{"TimeFrom":"2019-04-02T19:25:14","TimeTo":"2019-04-02T19:30:16","Situation":"flat","Value":0.00000000},{"TimeFrom":"2019-04-02T19:30:16","TimeTo":"2019-04-02T19:35:20","Situation":"flat","Value":0.00000000},{"TimeFrom":"2019-04-02T19:35:20","TimeTo":"2019-04-02T19:40:22","Situation":"flat","Value":0.00000000},{"TimeFrom":"2019-04-02T19:40:22","TimeTo":"2019-04-02T19:45:25","Situation":"flat","Value":0.00000000},{"TimeFrom":"2019-04-02T19:45:25","TimeTo":"2019-04-02T19:50:27","Situation":"flat","Value":0.00000000},{"TimeFrom":"2019-04-02T19:50:27","TimeTo":"2019-04-02T19:55:29","Situation":"flat","Value":0.00000000},{"TimeFrom":"2019-04-02T19:55:29","TimeTo":"2019-04-02T20:00:30","Situation":"flat","Value":0.00000000},{"TimeFrom":"2019-04-02T20:00:30","TimeTo":"2019-04-02T20:01:30","Situation":"trend","Value":0.00000000},{"TimeFrom":"2019-04-02T20:01:30","TimeTo":"2019-04-02T20:06:30","Situation":"flat","Value":0.00000000},{"TimeFrom":"2019-04-02T20:06:30","TimeTo":"2019-04-02T20:09:16","Situation":"trend","Value":0.00000000},{"TimeFrom":"2019-04-02T20:09:16","TimeTo":"2019-04-02T20:12:24","Situation":"trend","Value":0.00000000},{"TimeFrom":"2019-04-02T20:12:24","TimeTo":"2019-04-02T20:17:24","Situation":"flat","Value":0.00000000},{"TimeFrom":"2019-04-02T20:17:24","TimeTo":"2019-04-02T20:18:59","Situation":"trend","Value":0.00000000},{"TimeFrom":"2019-04-02T20:18:59","TimeTo":"2019-04-02T20:24:04","Situation":"flat","Value":0.00000000},{"TimeFrom":"2019-04-02T20:24:04","TimeTo":"2019-04-02T20:26:59","Situation":"trend","Value":0.00000000},{"TimeFrom":"2019-04-02T20:26:59","TimeTo":"2019-04-02T20:31:59","Situation":"flat","Value":0.00000000},{"TimeFrom":"2019-04-02T20:31:59","TimeTo":"2019-04-02T20:32:19","Situation":"trend","Value":0.00000000},{"TimeFrom":"2019-04-02T20:32:19","TimeTo":"2019-04-02T20:33:40","Situation":"trend","Value":0.00000000},{"TimeFrom":"2019-04-02T20:33:40","TimeTo":"2019-04-02T20:34:20","Situation":"trend","Value":0.00000000},{"TimeFrom":"2019-04-02T20:34:20","TimeTo":"2019-04-02T20:35:51","Situation":"trend","Value":0.00000000},{"TimeFrom":"2019-04-02T20:35:51","TimeTo":"2019-04-02T20:40:51","Situation":"flat","Value":0.00000000},{"TimeFrom":"2019-04-02T20:40:51","TimeTo":"2019-04-02T20:45:53","Situation":"flat","Value":0.00000000},{"TimeFrom":"2019-04-02T20:45:53","TimeTo":"2019-04-02T20:50:54","Situation":"flat","Value":0.00000000},{"TimeFrom":"2019-04-02T20:50:54","TimeTo":"2019-04-02T20:55:55","Situation":"flat","Value":0.00000000},{"TimeFrom":"2019-04-02T20:55:55","TimeTo":"2019-04-02T21:00:58","Situation":"flat","Value":0.00000000},{"TimeFrom":"2019-04-02T21:00:58","TimeTo":"2019-04-02T21:06:00","Situation":"flat","Value":0.00000000},{"TimeFrom":"2019-04-02T21:06:00","TimeTo":"2019-04-02T21:09:10","Situation":"trend","Value":0.00000000},{"TimeFrom":"2019-04-02T21:09:10","TimeTo":"2019-04-02T21:14:10","Situation":"flat","Value":0.00000000},{"TimeFrom":"2019-04-02T21:14:10","TimeTo":"2019-04-02T21:19:14","Situation":"flat","Value":0.00000000},{"TimeFrom":"2019-04-02T21:19:14","TimeTo":"2019-04-02T21:24:15","Situation":"flat","Value":0.00000000},{"TimeFrom":"2019-04-02T21:24:15","TimeTo":"2019-04-02T21:29:15","Situation":"flat","Value":0.00000000},{"TimeFrom":"2019-04-02T21:29:15","TimeTo":"2019-04-02T21:34:18","Situation":"flat","Value":0.00000000},{"TimeFrom":"2019-04-02T21:34:18","TimeTo":"2019-04-02T21:39:20","Situation":"flat","Value":0.00000000},{"TimeFrom":"2019-04-02T21:39:20","TimeTo":"2019-04-02T21:44:20","Situation":"flat","Value":0.00000000},{"TimeFrom":"2019-04-02T21:44:20","TimeTo":"2019-04-02T21:49:21","Situation":"flat","Value":0.00000000},{"TimeFrom":"2019-04-02T21:49:21","TimeTo":"2019-04-02T21:54:25","Situation":"flat","Value":0.00000000},{"TimeFrom":"2019-04-02T21:54:25","TimeTo":"2019-04-02T21:59:25","Situation":"flat","Value":0.00000000},{"TimeFrom":"2019-04-02T21:59:25","TimeTo":"2019-04-02T22:04:25","Situation":"flat","Value":0.00000000},{"TimeFrom":"2019-04-02T22:04:25","TimeTo":"2019-04-02T22:09:29","Situation":"flat","Value":0.00000000},{"TimeFrom":"2019-04-02T22:09:29","TimeTo":"2019-04-02T22:14:30","Situation":"flat","Value":0.00000000},{"TimeFrom":"2019-04-02T22:14:30","TimeTo":"2019-04-02T22:19:33","Situation":"flat","Value":0.00000000},{"TimeFrom":"2019-04-02T22:19:33","TimeTo":"2019-04-02T22:24:34","Situation":"flat","Value":0.00000000},{"TimeFrom":"2019-04-02T22:24:34","TimeTo":"2019-04-02T22:29:34","Situation":"flat","Value":0.00000000},{"TimeFrom":"2019-04-02T22:29:34","TimeTo":"2019-04-02T22:34:34","Situation":"flat","Value":0.00000000},{"TimeFrom":"2019-04-02T22:34:34","TimeTo":"2019-04-02T22:39:35","Situation":"flat","Value":0.00000000},{"TimeFrom":"2019-04-02T22:39:35","TimeTo":"2019-04-02T22:44:35","Situation":"flat","Value":0.00000000},{"TimeFrom":"2019-04-02T22:44:35","TimeTo":"2019-04-02T22:49:39","Situation":"flat","Value":0.00000000},{"TimeFrom":"2019-04-02T22:49:39","TimeTo":"2019-04-02T22:54:39","Situation":"flat","Value":0.00000000},{"TimeFrom":"2019-04-02T22:54:39","TimeTo":"2019-04-02T22:59:40","Situation":"flat","Value":0.00000000},{"TimeFrom":"2019-04-02T22:59:40","TimeTo":"2019-04-02T23:04:44","Situation":"flat","Value":0.00000000},{"TimeFrom":"2019-04-02T23:04:44","TimeTo":"2019-04-02T23:06:09","Situation":"trend","Value":0.00000000},{"TimeFrom":"2019-04-02T23:06:09","TimeTo":"2019-04-02T23:11:10","Situation":"flat","Value":0.00000000},{"TimeFrom":"2019-04-02T23:11:10","TimeTo":"2019-04-02T23:11:50","Situation":"trend","Value":0.00000000},{"TimeFrom":"2019-04-02T23:11:50","TimeTo":"2019-04-02T23:15:10","Situation":"trend","Value":0.00000000},{"TimeFrom":"2019-04-02T23:15:10","TimeTo":"2019-04-02T23:17:42","Situation":"trend","Value":0.00000000},{"TimeFrom":"2019-04-02T23:17:42","TimeTo":"2019-04-02T23:20:05","Situation":"trend","Value":0.00000000},{"TimeFrom":"2019-04-02T23:20:05","TimeTo":"2019-04-02T23:23:15","Situation":"trend","Value":0.00000000},{"TimeFrom":"2019-04-02T23:23:15","TimeTo":"2019-04-02T23:24:35","Situation":"trend","Value":0.00000000},{"TimeFrom":"2019-04-02T23:24:35","TimeTo":"2019-04-02T23:29:36","Situation":"flat","Value":0.00000000},{"TimeFrom":"2019-04-02T23:29:36","TimeTo":"2019-04-02T23:32:07","Situation":"trend","Value":0.00000000},{"TimeFrom":"2019-04-02T23:32:07","TimeTo":"2019-04-02T23:37:11","Situation":"flat","Value":0.00000000},{"TimeFrom":"2019-04-02T23:37:11","TimeTo":"2019-04-02T23:37:41","Situation":"trend","Value":0.00000000},{"TimeFrom":"2019-04-02T23:37:41","TimeTo":"2019-04-02T23:42:44","Situation":"flat","Value":0.00000000},{"TimeFrom":"2019-04-02T23:42:44","TimeTo":"2019-04-02T23:46:35","Situation":"trend","Value":0.00000000},{"TimeFrom":"2019-04-02T23:46:35","TimeTo":"2019-04-02T23:49:40","Situation":"trend","Value":0.00000000},{"TimeFrom":"2019-04-02T23:49:40","TimeTo":"2019-04-02T23:52:25","Situation":"trend","Value":0.00000000},{"TimeFrom":"2019-04-02T23:52:25","TimeTo":"2019-04-02T23:53:40","Situation":"trend","Value":0.00000000},{"TimeFrom":"2019-04-02T23:53:40","TimeTo":"2019-04-02T23:58:43","Situation":"flat","Value":0.00000000},{"TimeFrom":"2019-04-02T23:58:43","TimeTo":"2019-04-03T00:03:45","Situation":"trend","Value":0.00000000},{"TimeFrom":"2019-04-03T00:03:45","TimeTo":"2019-04-03T00:08:49","Situation":"flat","Value":0.00000000},{"TimeFrom":"2019-04-03T00:08:49","TimeTo":"2019-04-03T00:13:50","Situation":"flat","Value":0.00000000},{"TimeFrom":"2019-04-03T00:13:50","TimeTo":"2019-04-03T00:18:50","Situation":"flat","Value":0.00000000},{"TimeFrom":"2019-04-03T00:18:50","TimeTo":"2019-04-03T00:23:30","Situation":"trend","Value":0.00000000},{"TimeFrom":"2019-04-03T00:23:30","TimeTo":"2019-04-03T00:24:15","Situation":"trend","Value":0.00000000},{"TimeFrom":"2019-04-03T00:24:15","TimeTo":"2019-04-03T00:26:59","Situation":"trend","Value":0.00000000},{"TimeFrom":"2019-04-03T00:26:59","TimeTo":"2019-04-03T00:32:03","Situation":"flat","Value":0.00000000},{"TimeFrom":"2019-04-03T00:32:03","TimeTo":"2019-04-03T00:33:04","Situation":"trend","Value":0.00000000},{"TimeFrom":"2019-04-03T00:33:04","TimeTo":"2019-04-03T00:35:49","Situation":"trend","Value":0.00000000},{"TimeFrom":"2019-04-03T00:35:49","TimeTo":"2019-04-03T00:36:14","Situation":"trend","Value":0.00000000},{"TimeFrom":"2019-04-03T00:36:14","TimeTo":"2019-04-03T00:38:19","Situation":"trend","Value":0.00000000},{"TimeFrom":"2019-04-03T00:38:19","TimeTo":"2019-04-03T00:42:40","Situation":"trend","Value":0.00000000},{"TimeFrom":"2019-04-03T00:42:40","TimeTo":"2019-04-03T00:46:40","Situation":"trend","Value":0.00000000},{"TimeFrom":"2019-04-03T00:46:40","TimeTo":"2019-04-03T00:51:26","Situation":"trend","Value":0.00000000},{"TimeFrom":"2019-04-03T00:51:26","TimeTo":"2019-04-03T00:56:29","Situation":"flat","Value":0.00000000},{"TimeFrom":"2019-04-03T00:56:29","TimeTo":"2019-04-03T00:58:49","Situation":"trend","Value":0.00000000},{"TimeFrom":"2019-04-03T00:58:49","TimeTo":"2019-04-03T01:01:05","Situation":"trend","Value":0.00000000},{"TimeFrom":"2019-04-03T01:01:05","TimeTo":"2019-04-03T01:04:40","Situation":"trend","Value":0.00000000},{"TimeFrom":"2019-04-03T01:04:40","TimeTo":"2019-04-03T01:09:40","Situation":"flat","Value":0.00000000},{"TimeFrom":"2019-04-03T01:09:40","TimeTo":"2019-04-03T01:14:41","Situation":"flat","Value":0.00000000},{"TimeFrom":"2019-04-03T01:14:41","TimeTo":"2019-04-03T01:17:44","Situation":"trend","Value":0.00000000},{"TimeFrom":"2019-04-03T01:17:44","TimeTo":"2019-04-03T01:22:45","Situation":"flat","Value":0.00000000},{"TimeFrom":"2019-04-03T01:22:45","TimeTo":"2019-04-03T01:27:46","Situation":"flat","Value":0.00000000},{"TimeFrom":"2019-04-03T01:27:46","TimeTo":"2019-04-03T01:32:50","Situation":"flat","Value":0.00000000},{"TimeFrom":"2019-04-03T01:32:50","TimeTo":"2019-04-03T01:37:54","Situation":"flat","Value":0.00000000},{"TimeFrom":"2019-04-03T01:37:54","TimeTo":"2019-04-03T01:42:54","Situation":"flat","Value":0.00000000},{"TimeFrom":"2019-04-03T01:42:54","TimeTo":"2019-04-03T01:46:34","Situation":"trend","Value":0.00000000},{"TimeFrom":"2019-04-03T01:46:34","TimeTo":"2019-04-03T01:51:35","Situation":"flat","Value":0.00000000},{"TimeFrom":"2019-04-03T01:51:35","TimeTo":"2019-04-03T01:56:39","Situation":"flat","Value":0.00000000},{"TimeFrom":"2019-04-03T01:56:39","TimeTo":"2019-04-03T02:01:40","Situation":"flat","Value":0.00000000},{"TimeFrom":"2019-04-03T02:01:40","TimeTo":"2019-04-03T02:06:26","Situation":"trend","Value":0.00000000},{"TimeFrom":"2019-04-03T02:06:26","TimeTo":"2019-04-03T02:11:29","Situation":"flat","Value":0.00000000},{"TimeFrom":"2019-04-03T02:11:29","TimeTo":"2019-04-03T02:12:24","Situation":"trend","Value":0.00000000},{"TimeFrom":"2019-04-03T02:12:24","TimeTo":"2019-04-03T02:17:25","Situation":"flat","Value":0.00000000},{"TimeFrom":"2019-04-03T02:17:25","TimeTo":"2019-04-03T02:21:50","Situation":"trend","Value":0.00000000},{"TimeFrom":"2019-04-03T02:21:50","TimeTo":"2019-04-03T02:26:53","Situation":"flat","Value":0.00000000},{"TimeFrom":"2019-04-03T02:26:53","TimeTo":"2019-04-03T02:27:58","Situation":"trend","Value":0.00000000},{"TimeFrom":"2019-04-03T02:27:58","TimeTo":"2019-04-03T02:31:05","Situation":"trend","Value":0.00000000},{"TimeFrom":"2019-04-03T02:31:05","TimeTo":"2019-04-03T02:36:05","Situation":"flat","Value":0.00000000},{"TimeFrom":"2019-04-03T02:36:05","TimeTo":"2019-04-03T02:39:45","Situation":"trend","Value":0.00000000},{"TimeFrom":"2019-04-03T02:39:45","TimeTo":"2019-04-03T02:44:47","Situation":"flat","Value":0.00000000},{"TimeFrom":"2019-04-03T02:44:47","TimeTo":"2019-04-03T02:49:49","Situation":"flat","Value":0.00000000},{"TimeFrom":"2019-04-03T02:49:49","TimeTo":"2019-04-03T02:51:39","Situation":"trend","Value":0.00000000}