{"OrderBookAsks":[{"Time":"2019-04-01T14:55:57","Situation":"flat","Type":"ask","Price":142.08000000,"Amount":802.21763000,"Done":false},{"Time":"2019-04-01T16:11:21","Situation":"flat","Type":"ask","Price":143.00000000,"Amount":1937.30098000,"Done":false},{"Time":"2019-04-01T16:31:31","Situation":"flat","Type":"ask","Price":143.00000000,"Amount":1943.01213000,"Done":false},{"Time":"2019-04-01T20:13:44","Situation":"flat","Type":"ask","Price":140.40000000,"Amount":1026.00000000,"Done":false},{"Time":"2019-04-01T20:15:27","Situation":"flat","Type":"ask","Price":140.40000000,"Amount":1018.28591000,"Done":false},{"Time":"2019-04-01T20:15:33","Situation":"flat","Type":"ask","Price":140.40000000,"Amount":1018.28591000,"Done":false},{"Time":"2019-04-01T20:18:48","Situation":"flat","Type":"ask","Price":140.40000000,"Amount":1009.00201000,"Done":false},{"Time":"2019-04-01T20:55:19","Situation":"flat","Type":"ask","Price":142.20000000,"Amount":822.43872000,"Done":false},{"Time":"2019-04-01T21:00:19","Situation":"flat","Type":"ask","Price":142.20000000,"Amount":822.43872000,"Done":false},{"Time":"2019-04-01T21:05:19","Situation":"flat","Type":"ask","Price":142.20000000,"Amount":822.43872000,"Done":false},{"Time":"2019-04-01T21:10:19","Situation":"flat","Type":"ask","Price":142.20000000,"Amount":822.43872000,"Done":false},{"Time":"2019-04-01T21:15:20","Situation":"flat","Type":"ask","Price":142.20000000,"Amount":822.43872000,"Done":false},{"Time":"2019-04-01T21:20:24","Situation":"flat","Type":"ask","Price":142.20000000,"Amount":822.43872000,"Done":false},{"Time":"2019-04-01T21:25:24","Situation":"flat","Type":"ask","Price":142.20000000,"Amount":822.43872000,"Done":false},{"Time":"2019-04-01T21:30:24","Situation":"flat","Type":"ask","Price":142.20000000,"Amount":822.43872000,"Done":false},{"Time":"2019-04-01T21:35:24","Situation":"flat","Type":"ask","Price":142.20000000,"Amount":822.43872000,"Done":false},{"Time":"2019-04-01T21:40:26","Situation":"flat","Type":"ask","Price":142.20000000,"Amount":855.50854000,"Done":false},{"Time":"2019-04-01T21:45:29","Situation":"flat","Type":"ask","Price":142.20000000,"Amount":835.60854000,"Done":false},{"Time":"2019-04-01T21:50:30","Situation":"flat","Type":"ask","Price":142.20000000,"Amount":835.60854000,"Done":false},{"Time":"2019-04-01T21:55:30","Situation":"flat","Type":"ask","Price":142.20000000,"Amount":835.60854000,"Done":false},{"Time":"2019-04-01T22:00:30","Situation":"flat","Type":"ask","Price":142.20000000,"Amount":835.60854000,"Done":false},{"Time":"2019-04-01T22:05:30","Situation":"flat","Type":"ask","Price":142.20000000,"Amount":835.60854000,"Done":false},{"Time":"2019-04-01T22:10:30","Situation":"flat","Type":"ask","Price":142.20000000,"Amount":835.60854000,"Done":false},{"Time":"2019-04-01T22:15:34","Situation":"flat","Type":"ask","Price":142.20000000,"Amount":835.60854000,"Done":false},{"Time":"2019-04-01T22:20:35","Situation":"flat","Type":"ask","Price":142.20000000,"Amount":835.60854000,"Done":false},{"Time":"2019-04-01T22:25:35","Situation":"flat","Type":"ask","Price":142.20000000,"Amount":835.60854000,"Done":false},{"Time":"2019-04-01T22:30:36","Situation":"flat","Type":"ask","Price":142.20000000,"Amount":835.60854000,"Done":false},{"Time":"2019-04-01T22:35:39","Situation":"flat","Type":"ask","Price":142.20000000,"Amount":835.60854000,"Done":false},{"Time":"2019-04-01T22:40:39","Situation":"flat","Type":"ask","Price":142.20000000,"Amount":835.60854000,"Done":false},{"Time":"2019-04-01T22:45:39","Situation":"flat","Type":"ask","Price":142.20000000,"Amount":835.60854000,"Done":false},{"Time":"2019-04-01T22:50:39","Situation":"flat","Type":"ask","Price":142.20000000,"Amount":835.60854000,"Done":false},{"Time":"2019-04-01T22:55:39","Situation":"flat","Type":"ask","Price":142.20000000,"Amount":843.09155000,"Done":false},{"Time":"2019-04-01T22:55:39","Situation":"flat","Type":"ask","Price":143.00000000,"Amount":857.95864000,"Done":false},{"Time":"2019-04-01T23:00:40","Situation":"flat","Type":"ask","Price":142.20000000,"Amount":858.09154000,"Done":false},{"Time":"2019-04-01T23:05:44","Situation":"flat","Type":"ask","Price":142.20000000,"Amount":838.09155000,"Done":false},{"Time":"2019-04-01T23:10:44","Situation":"flat","Type":"ask","Price":142.20000000,"Amount":838.09155000,"Done":false},{"Time":"2019-04-01T23:15:44","Situation":"flat","Type":"ask","Price":142.20000000,"Amount":838.09155000,"Done":false},{"Time":"2019-04-02T04:34:44","Situation":"trend","Type":"ask","Price":145.00000000,"Amount":1333.68839000,"Done":false},{"Time":"2019-04-02T04:35:14","Situation":"trend","Type":"ask","Price":145.00000000,"Amount":1271.38327000,"Done":false},{"Time":"2019-04-02T04:38:40","Situation":"trend","Type":"ask","Price":145.00000000,"Amount":1249.23305000,"Done":false},{"Time":"2019-04-02T04:38:40","Situation":"trend","Type":"ask","Price":146.00000000,"Amount":855.63371000,"Done":false},{"Time":"2019-04-02T04:39:55","Situation":"trend","Type":"ask","Price":146.00000000,"Amount":855.63371000,"Done":false},{"Time":"2019-04-02T04:39:55","Situation":"trend","Type":"ask","Price":146.35000000,"Amount":1723.77727000,"Done":false},{"Time":"2019-04-02T04:43:04","Situation":"trend","Type":"ask","Price":146.00000000,"Amount":855.63371000,"Done":false},{"Time":"2019-04-02T04:48:04","Situation":"flat","Type":"ask","Price":145.10000000,"Amount":1732.62417000,"Done":false},{"Time":"2019-04-02T04:48:04","Situation":"flat","Type":"ask","Price":146.00000000,"Amount":858.63170000,"Done":false},{"Time":"2019-04-02T04:49:09","Situation":"trend","Type":"ask","Price":145.10000000,"Amount":1729.62417000,"Done":false},{"Time":"2019-04-02T04:49:09","Situation":"trend","Type":"ask","Price":146.00000000,"Amount":818.37909000,"Done":false},{"Time":"2019-04-02T04:50:15","Situation":"trend","Type":"ask","Price":145.10000000,"Amount":1732.62417000,"Done":true},{"Time":"2019-04-02T04:50:15","Situation":"trend","Type":"ask","Price":146.00000000,"Amount":858.63170000,"Done":true},{"Time":"2019-04-02T04:51:10","Situation":"trend","Type":"ask","Price":145.10000000,"Amount":1732.62417000,"Done":true},{"Time":"2019-04-02T04:51:10","Situation":"trend","Type":"ask","Price":146.00000000,"Amount":858.63170000,"Done":true},{"Time":"2019-04-02T04:52:14","Situation":"trend","Type":"ask","Price":148.95000000,"Amount":1260.06811000,"Done":false},{"Time":"2019-04-02T04:52:14","Situation":"trend","Type":"ask","Price":145.10000000,"Amount":1732.62417000,"Done":true},{"Time":"2019-04-02T04:52:14","Situation":"trend","Type":"ask","Price":146.00000000,"Amount":858.63170000,"Done":true},{"Time":"2019-04-02T04:53:54","Situation":"trend","Type":"ask","Price":148.95000000,"Amount":1260.06811000,"Done":false},{"Time":"2019-04-02T04:53:54","Situation":"trend","Type":"ask","Price":145.10000000,"Amount":1732.62417000,"Done":true},{"Time":"2019-04-02T04:53:54","Situation":"trend","Type":"ask","Price":146.00000000,"Amount":858.63170000,"Done":true},{"Time":"2019-04-02T04:55:54","Situation":"trend","Type":"ask","Price":148.95000000,"Amount":1263.06811000,"Done":false},{"Time":"2019-04-02T04:56:24","Situation":"trend","Type":"ask","Price":148.95000000,"Amount":1260.06811000,"Done":false},{"Time":"2019-04-02T04:56:54","Situation":"trend","Type":"ask","Price":148.95000000,"Amount":1260.06811000,"Done":false},{"Time":"2019-04-02T05:01:50","Situation":"trend","Type":"ask","Price":148.95000000,"Amount":1260.06811000,"Done":false},{"Time":"2019-04-02T05:03:00","Situation":"trend","Type":"ask","Price":148.95000000,"Amount":1260.06811000,"Done":false},{"Time":"2019-04-02T05:03:30","Situation":"trend","Type":"ask","Price":148.95000000,"Amount":1260.06811000,"Done":false},{"Time":"2019-04-02T05:04:30","Situation":"trend","Type":"ask","Price":148.95000000,"Amount":1260.06811000,"Done":false},{"Time":"2019-04-02T05:04:55","Situation":"trend","Type":"ask","Price":148.95000000,"Amount":1260.06811000,"Done":false},{"Time":"2019-04-02T05:05:05","Situation":"trend","Type":"ask","Price":148.95000000,"Amount":1260.06811000,"Done":false},{"Time":"2019-04-02T05:08:04","Situation":"trend","Type":"ask","Price":147.30000000,"Amount":2146.26022000,"Done":false},{"Time":"2019-04-02T05:08:04","Situation":"trend","Type":"ask","Price":148.95000000,"Amount":1260.06811000,"Done":false},{"Time":"2019-04-02T05:09:25","Situation":"trend","Type":"ask","Price":147.30000000,"Amount":1576.39508000,"Done":false},{"Time":"2019-04-02T05:09:25","Situation":"trend","Type":"ask","Price":148.95000000,"Amount":1260.06811000,"Done":false},{"Time":"2019-04-02T05:12:25","Situation":"trend","Type":"ask","Price":148.00000000,"Amount":923.15718000,"Done":false},{"Time":"2019-04-02T05:12:25","Situation":"trend","Type":"ask","Price":148.95000000,"Amount":1260.06811000,"Done":false},{"Time":"2019-04-02T05:13:30","Situation":"trend","Type":"ask","Price":148.00000000,"Amount":928.33846000,"Done":false},{"Time":"2019-04-02T05:13:30","Situation":"trend","Type":"ask","Price":148.95000000,"Amount":1260.06811000,"Done":false},{"Time":"2019-04-02T05:15:15","Situation":"trend","Type":"ask","Price":148.00000000,"Amount":942.33032000,"Done":false},{"Time":"2019-04-02T05:15:15","Situation":"trend","Type":"ask","Price":148.95000000,"Amount":1282.06811000,"Done":false},{"Time":"2019-04-02T05:17:05","Situation":"trend","Type":"ask","Price":148.95000000,"Amount":1260.06811000,"Done":false},{"Time":"2019-04-02T05:20:05","Situation":"trend","Type":"ask","Price":150.00000000,"Amount":1329.84404000,"Done":false},{"Time":"2019-04-02T05:24:05","Situation":"trend","Type":"ask","Price":150.00000000,"Amount":1316.06441000,"Done":false},{"Time":"2019-04-02T05:24:30","Situation":"trend","Type":"ask","Price":150.00000000,"Amount":1262.10907000,"Done":false},{"Time":"2019-04-02T05:25:30","Situation":"trend","Type":"ask","Price":148.90000000,"Amount":1319.28656000,"Done":false},{"Time":"2019-04-02T05:25:30","Situation":"trend","Type":"ask","Price":150.00000000,"Amount":1329.12091000,"Done":false},{"Time":"2019-04-02T05:25:35","Situation":"trend","Type":"ask","Price":148.90000000,"Amount":1319.28656000,"Done":false},{"Time":"2019-04-02T05:25:35","Situation":"trend","Type":"ask","Price":150.00000000,"Amount":1323.62641000,"Done":false},{"Time":"2019-04-02T05:26:59","Situation":"trend","Type":"ask","Price":148.90000000,"Amount":1319.28656000,"Done":false},{"Time":"2019-04-02T05:29:04","Situation":"trend","Type":"ask","Price":148.90000000,"Amount":1319.28656000,"Done":false},{"Time":"2019-04-02T05:34:05","Situation":"flat","Type":"ask","Price":148.90000000,"Amount":1319.28656000,"Done":false},{"Time":"2019-04-02T05:35:28","Situation":"trend","Type":"ask","Price":148.70000000,"Amount":1340.63930000,"Done":false},{"Time":"2019-04-02T05:36:19","Situation":"trend","Type":"ask","Price":148.70000000,"Amount":1340.63930000,"Done":false},{"Time":"2019-04-02T05:36:19","Situation":"trend","Type":"ask","Price":148.90000000,"Amount":1319.28656000,"Done":true},{"Time":"2019-04-02T05:37:24","Situation":"trend","Type":"ask","Price":148.70000000,"Amount":1340.63930000,"Done":false},{"Time":"2019-04-02T05:37:24","Situation":"trend","Type":"ask","Price":148.90000000,"Amount":1319.28656000,"Done":true},{"Time":"2019-04-02T05:38:49","Situation":"trend","Type":"ask","Price":148.70000000,"Amount":1340.63930000,"Done":false},{"Time":"2019-04-02T05:38:49","Situation":"trend","Type":"ask","Price":148.90000000,"Amount":1319.28656000,"Done":true},{"Time":"2019-04-02T05:39:34","Situation":"trend","Type":"ask","Price":148.70000000,"Amount":1340.63930000,"Done":false},{"Time":"2019-04-02T05:39:34","Situation":"trend","Type":"ask","Price":148.90000000,"Amount":1319.28656000,"Done":true},{"Time":"2019-04-02T05:42:29","Situation":"trend","Type":"ask","Price":148.70000000,"Amount":1340.63930000,"Done":false},{"Time":"2019-04-02T05:47:30","Situation":"flat","Type":"ask","Price":148.70000000,"Amount":1340.63930000,"Done":false},{"Time":"2019-04-02T05:47:55","Situation":"trend","Type":"ask","Price":148.70000000,"Amount":1340.63930000,"Done":false},{"Time":"2019-04-02T05:49:35","Situation":"trend","Type":"ask","Price":148.70000000,"Amount":1217.66648000,"Done":false},{"Time":"2019-04-02T05:50:25","Situation":"trend","Type":"ask","Price":148.70000000,"Amount":1227.01732000,"Done":false},{"Time":"2019-04-02T05:51:29","Situation":"trend","Type":"ask","Price":148.70000000,"Amount":1227.51732000,"Done":false},{"Time":"2019-04-02T05:53:43","Situation":"trend","Type":"ask","Price":148.70000000,"Amount":1227.51732000,"Done":false},{"Time":"2019-04-02T05:54:58","Situation":"trend","Type":"ask","Price":148.70000000,"Amount":1218.16648000,"Done":false},{"Time":"2019-04-02T05:57:25","Situation":"trend","Type":"ask","Price":148.70000000,"Amount":1218.16648000,"Done":false},{"Time":"2019-04-02T06:01:30","Situation":"trend","Type":"ask","Price":148.70000000,"Amount":1213.16648000,"Done":false},{"Time":"2019-04-02T06:04:05","Situation":"trend","Type":"ask","Price":148.70000000,"Amount":1213.16648000,"Done":false},{"Time":"2019-04-02T06:05:40","Situation":"trend","Type":"ask","Price":148.70000000,"Amount":1213.16648000,"Done":false},{"Time":"2019-04-02T06:10:41","Situation":"flat","Type":"ask","Price":148.70000000,"Amount":1222.51732000,"Done":false},{"Time":"2019-04-02T06:14:05","Situation":"trend","Type":"ask","Price":148.70000000,"Amount":1222.51732000,"Done":false},{"Time":"2019-04-02T06:17:19","Situation":"trend","Type":"ask","Price":148.70000000,"Amount":1213.16648000,"Done":false},{"Time":"2019-04-02T06:17:44","Situation":"trend","Type":"ask","Price":148.70000000,"Amount":1223.16647000,"Done":false},{"Time":"2019-04-02T06:18:14","Situation":"trend","Type":"ask","Price":148.70000000,"Amount":1213.16648000,"Done":false},{"Time":"2019-04-02T06:25:38","Situation":"trend","Type":"ask","Price":148.70000000,"Amount":1214.16648000,"Done":false},{"Time":"2019-04-02T06:30:39","Situation":"flat","Type":"ask","Price":148.70000000,"Amount":1223.51732000,"Done":false},{"Time":"2019-04-02T06:35:39","Situation":"flat","Type":"ask","Price":148.70000000,"Amount":1223.51732000,"Done":false},{"Time":"2019-04-02T06:40:40","Situation":"trend","Type":"ask","Price":148.70000000,"Amount":1223.51732000,"Done":false},{"Time":"2019-04-02T06:42:56","Situation":"trend","Type":"ask","Price":150.00000000,"Amount":1710.28810000,"Done":false},{"Time":"2019-04-02T06:48:00","Situation":"flat","Type":"ask","Price":150.00000000,"Amount":1832.69077000,"Done":false},{"Time":"2019-04-02T06:50:40","Situation":"trend","Type":"ask","Price":150.00000000,"Amount":1829.69611000,"Done":false},{"Time":"2019-04-02T06:54:45","Situation":"trend","Type":"ask","Price":150.00000000,"Amount":1832.69077000,"Done":true},{"Time":"2019-04-02T07:12:02","Situation":"flat","Type":"ask","Price":149.50000000,"Amount":880.53786000,"Done":false},{"Time":"2019-04-02T07:17:05","Situation":"flat","Type":"ask","Price":149.50000000,"Amount":778.16620000,"Done":false},{"Time":"2019-04-02T07:22:05","Situation":"flat","Type":"ask","Price":149.50000000,"Amount":762.25362000,"Done":false},{"Time":"2019-04-02T07:27:09","Situation":"flat","Type":"ask","Price":149.50000000,"Amount":772.25362000,"Done":false},{"Time":"2019-04-02T07:32:10","Situation":"flat","Type":"ask","Price":149.50000000,"Amount":772.25362000,"Done":false},{"Time":"2019-04-02T07:37:13","Situation":"flat","Type":"ask","Price":149.50000000,"Amount":772.25362000,"Done":false},{"Time":"2019-04-02T07:42:14","Situation":"flat","Type":"ask","Price":149.50000000,"Amount":773.25362000,"Done":false},{"Time":"2019-04-02T07:47:18","Situation":"flat","Type":"ask","Price":149.50000000,"Amount":775.44349000,"Done":false},{"Time":"2019-04-02T07:52:19","Situation":"flat","Type":"ask","Price":149.50000000,"Amount":783.52717000,"Done":false},{"Time":"2019-04-02T07:57:20","Situation":"flat","Type":"ask","Price":149.50000000,"Amount":773.32719000,"Done":false},{"Time":"2019-04-02T08:02:20","Situation":"flat","Type":"ask","Price":150.00000000,"Amount":810.47039000,"Done":false},{"Time":"2019-04-02T08:03:51","Situation":"trend","Type":"ask","Price":150.00000000,"Amount":829.01173000,"Done":false},{"Time":"2019-04-02T08:03:51","Situation":"trend","Type":"ask","Price":149.50000000,"Amount":773.32719000,"Done":true},{"Time":"2019-04-02T08:07:39","Situation":"trend","Type":"ask","Price":152.00000000,"Amount":787.43360000,"Done":false},{"Time":"2019-04-02T08:07:39","Situation":"trend","Type":"ask","Price":150.00000000,"Amount":810.47039000,"Done":true},{"Time":"2019-04-02T08:10:24","Situation":"trend","Type":"ask","Price":152.00000000,"Amount":801.50999000,"Done":false},{"Time":"2019-04-02T08:14:20","Situation":"trend","Type":"ask","Price":152.00000000,"Amount":809.90696000,"Done":false},{"Time":"2019-04-02T08:23:45","Situation":"trend","Type":"ask","Price":152.00000000,"Amount":781.67443000,"Done":false},{"Time":"2019-04-02T08:28:48","Situation":"flat","Type":"ask","Price":152.00000000,"Amount":839.92425000,"Done":false},{"Time":"2019-04-02T08:33:49","Situation":"flat","Type":"ask","Price":152.00000000,"Amount":823.30998000,"Done":false},{"Time":"2019-04-02T08:38:50","Situation":"flat","Type":"ask","Price":152.00000000,"Amount":830.83142000,"Done":false},{"Time":"2019-04-02T08:43:53","Situation":"flat","Type":"ask","Price":152.00000000,"Amount":843.88561000,"Done":false},{"Time":"2019-04-02T08:44:43","Situation":"trend","Type":"ask","Price":152.00000000,"Amount":843.88561000,"Done":false},{"Time":"2019-04-02T08:49:44","Situation":"flat","Type":"ask","Price":152.00000000,"Amount":1717.04528000,"Done":false},{"Time":"2019-04-02T08:54:44","Situation":"flat","Type":"ask","Price":152.00000000,"Amount":1754.81377000,"Done":false},{"Time":"2019-04-02T08:59:45","Situation":"flat","Type":"ask","Price":152.00000000,"Amount":1742.38823000,"Done":false},{"Time":"2019-04-02T09:04:47","Situation":"flat","Type":"ask","Price":152.00000000,"Amount":1746.04470000,"Done":false},{"Time":"2019-04-02T09:19:50","Situation":"flat","Type":"ask","Price":151.00000000,"Amount":855.50478000,"Done":false},{"Time":"2019-04-02T09:24:54","Situation":"flat","Type":"ask","Price":151.00000000,"Amount":872.62595000,"Done":false},{"Time":"2019-04-02T09:24:54","Situation":"flat","Type":"ask","Price":152.00000000,"Amount":1927.31653000,"Done":false},{"Time":"2019-04-02T09:25:15","Situation":"trend","Type":"ask","Price":151.00000000,"Amount":872.62595000,"Done":false},{"Time":"2019-04-02T09:25:15","Situation":"trend","Type":"ask","Price":152.00000000,"Amount":1927.31653000,"Done":false},{"Time":"2019-04-02T09:29:55","Situation":"trend","Type":"ask","Price":151.00000000,"Amount":874.59482000,"Done":false},{"Time":"2019-04-02T09:29:55","Situation":"trend","Type":"ask","Price":152.00000000,"Amount":1927.38238000,"Done":false},{"Time":"2019-04-02T09:34:58","Situation":"flat","Type":"ask","Price":152.00000000,"Amount":1930.05707000,"Done":false},{"Time":"2019-04-02T09:37:10","Situation":"trend","Type":"ask","Price":152.00000000,"Amount":1932.21836000,"Done":false},{"Time":"2019-04-02T09:40:40","Situation":"trend","Type":"ask","Price":152.00000000,"Amount":1931.35852000,"Done":false},{"Time":"2019-04-02T09:45:44","Situation":"flat","Type":"ask","Price":152.00000000,"Amount":1994.42581000,"Done":false},{"Time":"2019-04-02T09:50:45","Situation":"flat","Type":"ask","Price":152.00000000,"Amount":1995.51007000,"Done":false},{"Time":"2019-04-02T09:54:30","Situation":"trend","Type":"ask","Price":152.00000000,"Amount":1997.30158000,"Done":false},{"Time":"2019-04-02T09:59:31","Situation":"flat","Type":"ask","Price":152.00000000,"Amount":2019.42762000,"Done":false},{"Time":"2019-04-02T10:01:12","Situation":"trend","Type":"ask","Price":152.00000000,"Amount":1989.61313000,"Done":false},{"Time":"2019-04-02T10:06:14","Situation":"flat","Type":"ask","Price":152.00000000,"Amount":1939.03107000,"Done":false},{"Time":"2019-04-02T10:08:35","Situation":"trend","Type":"ask","Price":152.00000000,"Amount":1939.03107000,"Done":false},{"Time":"2019-04-02T10:13:39","Situation":"flat","Type":"ask","Price":152.00000000,"Amount":1928.54699000,"Done":false},{"Time":"2019-04-02T10:18:41","Situation":"flat","Type":"ask","Price":152.00000000,"Amount":1928.54699000,"Done":false},{"Time":"2019-04-02T10:23:43","Situation":"flat","Type":"ask","Price":152.00000000,"Amount":1919.55111000,"Done":false},{"Time":"2019-04-02T10:28:45","Situation":"flat","Type":"ask","Price":152.00000000,"Amount":1925.03822000,"Done":false},{"Time":"2019-04-02T10:33:45","Situation":"flat","Type":"ask","Price":152.00000000,"Amount":1918.63652000,"Done":false},{"Time":"2019-04-02T10:38:45","Situation":"flat","Type":"ask","Price":152.00000000,"Amount":1903.28196000,"Done":false},{"Time":"2019-04-02T10:43:49","Situation":"flat","Type":"ask","Price":152.00000000,"Amount":1903.18196000,"Done":false},{"Time":"2019-04-02T10:48:49","Situation":"flat","Type":"ask","Price":152.00000000,"Amount":1961.81278000,"Done":false},{"Time":"2019-04-02T10:53:50","Situation":"flat","Type":"ask","Price":152.00000000,"Amount":1934.61318000,"Done":false},{"Time":"2019-04-02T10:58:50","Situation":"flat","Type":"ask","Price":152.00000000,"Amount":1900.84718000,"Done":false},{"Time":"2019-04-02T11:03:50","Situation":"flat","Type":"ask","Price":152.00000000,"Amount":1901.04718000,"Done":false},{"Time":"2019-04-02T11:08:54","Situation":"flat","Type":"ask","Price":152.00000000,"Amount":1958.20145000,"Done":false},{"Time":"2019-04-02T11:13:55","Situation":"flat","Type":"ask","Price":152.00000000,"Amount":1968.20145000,"Done":false},{"Time":"2019-04-02T11:18:55","Situation":"flat","Type":"ask","Price":152.00000000,"Amount":1910.06903000,"Done":false},{"Time":"2019-04-02T11:23:58","Situation":"flat","Type":"ask","Price":152.00000000,"Amount":1899.15035000,"Done":false},{"Time":"2019-04-02T12:31:32","Situation":"trend","Type":"ask","Price":154.00000000,"Amount":2203.72201000,"Done":false},{"Time":"2019-04-02T12:34:49","Situation":"trend","Type":"ask","Price":154.00000000,"Amount":2232.53907000,"Done":false},{"Time":"2019-04-02T12:35:55","Situation":"trend","Type":"ask","Price":155.00000000,"Amount":1147.37763000,"Done":false},{"Time":"2019-04-02T12:35:55","Situation":"trend","Type":"ask","Price":155.50000000,"Amount":893.28953000,"Done":false},{"Time":"2019-04-02T12:37:49","Situation":"trend","Type":"ask","Price":155.50000000,"Amount":851.99568000,"Done":false},{"Time":"2019-04-02T12:37:49","Situation":"trend","Type":"ask","Price":156.00000000,"Amount":1357.90318000,"Done":false},{"Time":"2019-04-02T13:34:15","Situation":"trend","Type":"ask","Price":160.00000000,"Amount":1752.34401000,"Done":false},{"Time":"2019-04-02T13:35:05","Situation":"trend","Type":"ask","Price":160.00000000,"Amount":1807.73915000,"Done":false},{"Time":"2019-04-02T13:40:08","Situation":"flat","Type":"ask","Price":160.00000000,"Amount":1437.36635000,"Done":false},{"Time":"2019-04-02T13:41:29","Situation":"trend","Type":"ask","Price":160.00000000,"Amount":1441.87220000,"Done":false},{"Time":"2019-04-02T13:45:43","Situation":"trend","Type":"ask","Price":160.00000000,"Amount":1437.36635000,"Done":true},{"Time":"2019-04-02T13:50:47","Situation":"flat","Type":"ask","Price":160.00000000,"Amount":1430.01649000,"Done":false},{"Time":"2019-04-02T13:50:52","Situation":"trend","Type":"ask","Price":160.00000000,"Amount":1422.95908000,"Done":false},{"Time":"2019-04-02T13:55:55","Situation":"flat","Type":"ask","Price":160.00000000,"Amount":1434.38127000,"Done":false},{"Time":"2019-04-02T14:08:25","Situation":"trend","Type":"ask","Price":156.50000000,"Amount":1106.06723000,"Done":false},{"Time":"2019-04-02T19:45:50","Situation":"flat","Type":"ask","Price":160.00000000,"Amount":1669.34658000,"Done":false},{"Time":"2019-04-02T19:48:00","Situation":"trend","Type":"ask","Price":160.00000000,"Amount":1653.05048000,"Done":false},{"Time":"2019-04-02T20:01:45","Situation":"trend","Type":"ask","Price":159.00000000,"Amount":1433.08665000,"Done":false},{"Time":"2019-04-02T20:02:25","Situation":"trend","Type":"ask","Price":159.00000000,"Amount":1348.16510000,"Done":false},{"Time":"2019-04-02T20:17:19","Situation":"trend","Type":"ask","Price":160.10000000,"Amount":890.48028000,"Done":false},{"Time":"2019-04-02T20:31:10","Situation":"trend","Type":"ask","Price":160.10000000,"Amount":853.37292000,"Done":false},{"Time":"2019-04-02T20:32:25","Situation":"trend","Type":"ask","Price":160.10000000,"Amount":853.47292000,"Done":false},{"Time":"2019-04-02T22:24:59","Situation":"trend","Type":"ask","Price":161.00000000,"Amount":768.64276000,"Done":false},{"Time":"2019-04-02T23:05:59","Situation":"trend","Type":"ask","Price":163.00000000,"Amount":800.84045000,"Done":false},{"Time":"2019-04-02T23:10:59","Situation":"flat","Type":"ask","Price":163.00000000,"Amount":803.02039000,"Done":false},{"Time":"2019-04-02T23:12:00","Situation":"trend","Type":"ask","Price":163.00000000,"Amount":804.13948000,"Done":false},{"Time":"2019-04-02T23:14:15","Situation":"trend","Type":"ask","Price":163.00000000,"Amount":803.02039000,"Done":true},{"Time":"2019-04-02T23:16:20","Situation":"trend","Type":"ask","Price":165.00000000,"Amount":1094.71037000,"Done":false},{"Time":"2019-04-02T23:16:20","Situation":"trend","Type":"ask","Price":163.00000000,"Amount":803.02039000,"Done":true},{"Time":"2019-04-02T23:17:54","Situation":"trend","Type":"ask","Price":165.00000000,"Amount":1060.48181000,"Done":false},{"Time":"2019-04-02T23:33:28","Situation":"trend","Type":"ask","Price":166.00000000,"Amount":1093.11658000,"Done":false},{"Time":"2019-04-02T23:37:41","Situation":"trend","Type":"ask","Price":166.00000000,"Amount":1078.11658000,"Done":false},{"Time":"2019-04-02T23:40:49","Situation":"trend","Type":"ask","Price":166.00000000,"Amount":1094.20726000,"Done":false},{"Time":"2019-04-02T23:45:50","Situation":"flat","Type":"ask","Price":166.00000000,"Amount":1108.10962000,"Done":false},{"Time":"2019-04-02T23:52:29","Situation":"trend","Type":"ask","Price":166.00000000,"Amount":1108.10962000,"Done":true},{"Time":"2019-04-03T00:09:19","Situation":"flat","Type":"ask","Price":166.00000000,"Amount":1096.40078000,"Done":false},{"Time":"2019-04-03T00:12:10","Situation":"trend","Type":"ask","Price":166.00000000,"Amount":1097.40078000,"Done":false},{"Time":"2019-04-03T00:17:14","Situation":"flat","Type":"ask","Price":166.00000000,"Amount":1123.14820000,"Done":false},{"Time":"2019-04-03T00:21:00","Situation":"trend","Type":"ask","Price":166.00000000,"Amount":1050.02620000,"Done":false},{"Time":"2019-04-03T00:22:40","Situation":"trend","Type":"ask","Price":167.55000000,"Amount":869.57309000,"Done":false},{"Time":"2019-04-03T00:22:40","Situation":"trend","Type":"ask","Price":166.00000000,"Amount":1123.14820000,"Done":true},{"Time":"2019-04-03T00:30:16","Situation":"trend","Type":"ask","Price":170.00000000,"Amount":1197.29606000,"Done":false},{"Time":"2019-04-03T00:33:05","Situation":"trend","Type":"ask","Price":170.00000000,"Amount":1403.98441000,"Done":false},{"Time":"2019-04-03T00:40:44","Situation":"trend","Type":"ask","Price":169.40000000,"Amount":870.04143000,"Done":false},{"Time":"2019-04-03T00:50:55","Situation":"flat","Type":"ask","Price":167.40000000,"Amount":889.22369000,"Done":false},{"Time":"2019-04-03T00:51:26","Situation":"trend","Type":"ask","Price":167.40000000,"Amount":889.22369000,"Done":false},{"Time":"2019-04-03T00:56:09","Situation":"trend","Type":"ask","Price":170.00000000,"Amount":1004.50118000,"Done":false},{"Time":"2019-04-03T00:56:09","Situation":"trend","Type":"ask","Price":167.40000000,"Amount":889.22369000,"Done":true},{"Time":"2019-04-03T01:23:05","Situation":"flat","Type":"ask","Price":166.70000000,"Amount":1991.61111000,"Done":false},{"Time":"2019-04-03T01:28:09","Situation":"flat","Type":"ask","Price":166.70000000,"Amount":1103.56964000,"Done":false},{"Time":"2019-04-03T01:52:25","Situation":"flat","Type":"ask","Price":168.50000000,"Amount":2338.02711000,"Done":false},{"Time":"2019-04-03T01:55:43","Situation":"trend","Type":"ask","Price":168.50000000,"Amount":2338.02711000,"Done":false},{"Time":"2019-04-03T01:59:19","Situation":"trend","Type":"ask","Price":168.50000000,"Amount":2338.02711000,"Done":true},{"Time":"2019-04-03T02:07:33","Situation":"trend","Type":"ask","Price":170.00000000,"Amount":1042.11869000,"Done":false},{"Time":"2019-04-03T02:19:35","Situation":"trend","Type":"ask","Price":170.00000000,"Amount":1046.93920000,"Done":false},{"Time":"2019-04-03T02:21:54","Situation":"trend","Type":"ask","Price":170.00000000,"Amount":1043.68616000,"Done":false},{"Time":"2019-04-03T02:25:32","Situation":"trend","Type":"ask","Price":170.00000000,"Amount":2301.50649000,"Done":false},{"Time":"2019-04-03T02:27:38","Situation":"trend","Type":"ask","Price":173.00000000,"Amount":908.06393000,"Done":false},{"Time":"2019-04-03T02:40:20","Situation":"trend","Type":"ask","Price":173.00000000,"Amount":907.04096000,"Done":false},{"Time":"2019-04-03T02:42:21","Situation":"trend","Type":"ask","Price":173.00000000,"Amount":915.12979000,"Done":false},{"Time":"2019-04-03T02:43:22","Situation":"trend","Type":"ask","Price":173.00000000,"Amount":907.24268000,"Done":false},{"Time":"2019-04-03T02:45:28","Situation":"trend","Type":"ask","Price":173.00000000,"Amount":953.05559000,"Done":false},{"Time":"2019-04-03T02:49:44","Situation":"trend","Type":"ask","Price":173.00000000,"Amount":957.59617000,"Done":false},{"Time":"2019-04-03T02:59:55","Situation":"trend","Type":"ask","Price":175.50000000,"Amount":1378.23685000,"Done":false},{"Time":"2019-04-03T03:01:33","Situation":"trend","Type":"ask","Price":175.50000000,"Amount":1378.23685000,"Done":false},{"Time":"2019-04-03T03:04:03","Situation":"trend","Type":"ask","Price":175.50000000,"Amount":1378.23685000,"Done":false},{"Time":"2019-04-03T03:05:54","Situation":"trend","Type":"ask","Price":175.50000000,"Amount":1378.52391000,"Done":false},{"Time":"2019-04-03T03:39:24","Situation":"trend","Type":"ask","Price":175.00000000,"Amount":2877.96155000,"Done":false},{"Time":"2019-04-03T04:18:20","Situation":"trend","Type":"ask","Price":166.00000000,"Amount":811.96934000,"Done":false},{"Time":"2019-04-03T04:18:35","Situation":"trend","Type":"ask","Price":166.00000000,"Amount":811.96934000,"Done":false},{"Time":"2019-04-03T04:26:04","Situation":"trend","Type":"ask","Price":166.00000000,"Amount":1189.23030000,"Done":false},{"Time":"2019-04-03T04:41:54","Situation":"trend","Type":"ask","Price":166.30000000,"Amount":1383.85218000,"Done":false},{"Time":"2019-04-03T04:43:14","Situation":"trend","Type":"ask","Price":166.30000000,"Amount":1382.22861000,"Done":false},{"Time":"2019-04-03T04:44:34","Situation":"trend","Type":"ask","Price":166.30000000,"Amount":1382.22861000,"Done":false},{"Time":"2019-04-03T04:45:39","Situation":"trend","Type":"ask","Price":166.30000000,"Amount":1382.22861000,"Done":false},{"Time":"2019-04-03T05:22:15","Situation":"flat","Type":"ask","Price":168.00000000,"Amount":1078.13507000,"Done":false},{"Time":"2019-04-03T05:23:55","Situation":"trend","Type":"ask","Price":168.00000000,"Amount":1078.13507000,"Done":false},{"Time":"2019-04-03T05:28:30","Situation":"trend","Type":"ask","Price":166.16000000,"Amount":1266.21421000,"Done":false},{"Time":"2019-04-03T05:28:30","Situation":"trend","Type":"ask","Price":168.00000000,"Amount":1078.13507000,"Done":true},{"Time":"2019-04-03T05:31:49","Situation":"trend","Type":"ask","Price":166.03000000,"Amount":2207.92413000,"Done":false},{"Time":"2019-04-03T07:05:02","Situation":"trend","Type":"ask","Price":168.00000000,"Amount":1058.75775000,"Done":false},{"Time":"2019-04-03T07:10:04","Situation":"flat","Type":"ask","Price":168.00000000,"Amount":1058.75775000,"Done":false},{"Time":"2019-04-03T07:12:14","Situation":"trend","Type":"ask","Price":168.00000000,"Amount":1059.44975000,"Done":false},{"Time":"2019-04-03T07:13:44","Situation":"trend","Type":"ask","Price":168.00000000,"Amount":1059.44975000,"Done":false},{"Time":"2019-04-03T07:18:19","Situation":"trend","Type":"ask","Price":168.00000000,"Amount":1058.75775000,"Done":true},{"Time":"2019-04-03T07:37:50","Situation":"flat","Type":"ask","Price":168.86000000,"Amount":850.84651000,"Done":false},{"Time":"2019-04-03T07:42:50","Situation":"flat","Type":"ask","Price":168.86000000,"Amount":850.84651000,"Done":false},{"Time":"2019-04-03T07:47:50","Situation":"trend","Type":"ask","Price":168.86000000,"Amount":850.84651000,"Done":true},{"Time":"2019-04-03T07:50:48","Situation":"trend","Type":"ask","Price":168.86000000,"Amount":850.84651000,"Done":true},{"Time":"2019-04-03T08:32:09","Situation":"flat","Type":"ask","Price":164.48000000,"Amount":1429.67918000,"Done":false},{"Time":"2019-04-03T08:42:56","Situation":"flat","Type":"ask","Price":165.00000000,"Amount":1132.45089000,"Done":false},{"Time":"2019-04-03T08:52:35","Situation":"flat","Type":"ask","Price":166.06000000,"Amount":804.03704000,"Done":false},{"Time":"2019-04-03T08:57:35","Situation":"flat","Type":"ask","Price":166.06000000,"Amount":804.03704000,"Done":false},{"Time":"2019-04-03T09:02:36","Situation":"flat","Type":"ask","Price":166.06000000,"Amount":804.03704000,"Done":false},{"Time":"2019-04-03T09:06:08","Situation":"trend","Type":"ask","Price":166.06000000,"Amount":832.03704000,"Done":false},{"Time":"2019-04-03T09:11:10","Situation":"flat","Type":"ask","Price":166.06000000,"Amount":804.03704000,"Done":false},{"Time":"2019-04-03T09:13:15","Situation":"trend","Type":"ask","Price":166.06000000,"Amount":804.03704000,"Done":false},{"Time":"2019-04-03T09:17:31","Situation":"trend","Type":"ask","Price":166.06000000,"Amount":804.03704000,"Done":false},{"Time":"2019-04-03T09:22:35","Situation":"flat","Type":"ask","Price":166.06000000,"Amount":804.03704000,"Done":false},{"Time":"2019-04-03T09:31:39","Situation":"flat","Type":"ask","Price":166.06000000,"Amount":804.03704000,"Done":false},{"Time":"2019-04-03T09:34:29","Situation":"trend","Type":"ask","Price":166.06000000,"Amount":804.03704000,"Done":false},{"Time":"2019-04-03T09:39:30","Situation":"flat","Type":"ask","Price":166.06000000,"Amount":804.03704000,"Done":false},{"Time":"2019-04-03T09:46:36","Situation":"flat","Type":"ask","Price":166.06000000,"Amount":804.03704000,"Done":false},{"Time":"2019-04-03T09:46:36","Situation":"flat","Type":"ask","Price":167.00000000,"Amount":835.85138000,"Done":false},{"Time":"2019-04-03T09:51:40","Situation":"flat","Type":"ask","Price":166.06000000,"Amount":804.03704000,"Done":false},{"Time":"2019-04-03T09:51:40","Situation":"flat","Type":"ask","Price":167.00000000,"Amount":906.20359000,"Done":false},{"Time":"2019-04-03T09:55:01","Situation":"trend","Type":"ask","Price":167.00000000,"Amount":907.05944000,"Done":false},{"Time":"2019-04-03T10:00:05","Situation":"flat","Type":"ask","Price":167.00000000,"Amount":919.57286000,"Done":false},{"Time":"2019-04-03T10:05:07","Situation":"flat","Type":"ask","Price":167.00000000,"Amount":922.06895000,"Done":false},{"Time":"2019-04-03T10:10:07","Situation":"flat","Type":"ask","Price":167.00000000,"Amount":903.13365000,"Done":false},{"Time":"2019-04-03T10:12:17","Situation":"trend","Type":"ask","Price":167.00000000,"Amount":896.29285000,"Done":false},{"Time":"2019-04-03T10:17:20","Situation":"flat","Type":"ask","Price":167.00000000,"Amount":800.41185000,"Done":false},{"Time":"2019-04-03T10:22:21","Situation":"flat","Type":"ask","Price":167.00000000,"Amount":798.22393000,"Done":false},{"Time":"2019-04-03T10:27:25","Situation":"flat","Type":"ask","Price":167.00000000,"Amount":809.43003000,"Done":false},{"Time":"2019-04-03T10:27:55","Situation":"trend","Type":"ask","Price":167.00000000,"Amount":809.43003000,"Done":false},{"Time":"2019-04-03T10:32:57","Situation":"flat","Type":"ask","Price":167.00000000,"Amount":811.02795000,"Done":false},{"Time":"2019-04-03T10:37:56","Situation":"trend","Type":"ask","Price":167.00000000,"Amount":809.82185000,"Done":false},{"Time":"2019-04-03T10:42:57","Situation":"flat","Type":"ask","Price":167.00000000,"Amount":809.82185000,"Done":false},{"Time":"2019-04-03T10:48:00","Situation":"flat","Type":"ask","Price":167.00000000,"Amount":816.84634000,"Done":false},{"Time":"2019-04-03T10:53:06","Situation":"flat","Type":"ask","Price":167.00000000,"Amount":839.52149000,"Done":false},{"Time":"2019-04-03T11:16:10","Situation":"flat","Type":"ask","Price":166.00000000,"Amount":880.59361000,"Done":false},{"Time":"2019-04-03T11:21:11","Situation":"flat","Type":"ask","Price":166.00000000,"Amount":956.19165000,"Done":false},{"Time":"2019-04-03T11:26:13","Situation":"flat","Type":"ask","Price":167.00000000,"Amount":865.58672000,"Done":false},{"Time":"2019-04-03T11:31:17","Situation":"flat","Type":"ask","Price":167.00000000,"Amount":865.54955000,"Done":false},{"Time":"2019-04-03T11:34:47","Situation":"trend","Type":"ask","Price":167.00000000,"Amount":866.38746000,"Done":false},{"Time":"2019-04-03T11:39:50","Situation":"flat","Type":"ask","Price":167.00000000,"Amount":1299.59923000,"Done":false},{"Time":"2019-04-03T11:44:53","Situation":"flat","Type":"ask","Price":167.00000000,"Amount":1300.95923000,"Done":false},{"Time":"2019-04-03T11:49:56","Situation":"flat","Type":"ask","Price":167.00000000,"Amount":1238.76310000,"Done":false},{"Time":"2019-04-03T11:54:56","Situation":"flat","Type":"ask","Price":167.00000000,"Amount":1239.56419000,"Done":false},{"Time":"2019-04-03T11:59:56","Situation":"flat","Type":"ask","Price":167.00000000,"Amount":1222.71793000,"Done":false},{"Time":"2019-04-03T12:05:06","Situation":"flat","Type":"ask","Price":167.00000000,"Amount":816.22227000,"Done":false},{"Time":"2019-04-03T12:07:43","Situation":"trend","Type":"ask","Price":167.00000000,"Amount":813.58265000,"Done":false},{"Time":"2019-04-03T12:11:07","Situation":"trend","Type":"ask","Price":167.00000000,"Amount":816.22227000,"Done":true},{"Time":"2019-04-03T16:07:11","Situation":"trend","Type":"ask","Price":172.00000000,"Amount":1042.23607000,"Done":false},{"Time":"2019-04-03T16:07:11","Situation":"trend","Type":"ask","Price":172.10000000,"Amount":2300.63156000,"Done":false},{"Time":"2019-04-03T16:09:56","Situation":"trend","Type":"ask","Price":175.00000000,"Amount":1309.25370000,"Done":false},{"Time":"2019-04-03T16:10:49","Situation":"trend","Type":"ask","Price":175.00000000,"Amount":1320.03595000,"Done":false},{"Time":"2019-04-03T16:10:59","Situation":"trend","Type":"ask","Price":175.00000000,"Amount":1320.03595000,"Done":false},{"Time":"2019-04-03T16:19:05","Situation":"trend","Type":"ask","Price":175.00000000,"Amount":1355.53713000,"Done":false},{"Time":"2019-04-03T16:57:40","Situation":"trend","Type":"ask","Price":175.00000000,"Amount":1510.68163000,"Done":false},{"Time":"2019-04-03T17:00:57","Situation":"trend","Type":"ask","Price":175.00000000,"Amount":1511.80736000,"Done":false},{"Time":"2019-04-03T19:04:15","Situation":"flat","Type":"ask","Price":173.00000000,"Amount":4156.71899000,"Done":false},{"Time":"2019-04-03T19:04:35","Situation":"trend","Type":"ask","Price":173.00000000,"Amount":4159.73355000,"Done":false},{"Time":"2019-04-03T19:09:37","Situation":"flat","Type":"ask","Price":173.00000000,"Amount":4173.23499000,"Done":false},{"Time":"2019-04-03T19:14:41","Situation":"flat","Type":"ask","Price":173.00000000,"Amount":4259.41301000,"Done":false},{"Time":"2019-04-03T19:20:12","Situation":"trend","Type":"ask","Price":173.20000000,"Amount":1003.75234000,"Done":false},{"Time":"2019-04-03T19:20:12","Situation":"trend","Type":"ask","Price":174.50000000,"Amount":798.84755000,"Done":false},{"Time":"2019-04-03T19:20:12","Situation":"trend","Type":"ask","Price":173.00000000,"Amount":4259.41301000,"Done":true},{"Time":"2019-04-03T19:25:16","Situation":"flat","Type":"ask","Price":173.20000000,"Amount":1059.20634000,"Done":false},{"Time":"2019-04-03T19:25:16","Situation":"flat","Type":"ask","Price":174.50000000,"Amount":798.84755000,"Done":false},{"Time":"2019-04-03T19:27:57","Situation":"trend","Type":"ask","Price":174.50000000,"Amount":798.84755000,"Done":false},{"Time":"2019-04-03T19:42:06","Situation":"trend","Type":"ask","Price":173.01000000,"Amount":778.70292000,"Done":false},{"Time":"2019-04-03T19:52:12","Situation":"flat","Type":"ask","Price":173.50000000,"Amount":3009.39010000,"Done":false},{"Time":"2019-04-03T19:57:12","Situation":"flat","Type":"ask","Price":173.50000000,"Amount":3014.75824000,"Done":false},{"Time":"2019-04-03T20:02:12","Situation":"flat","Type":"ask","Price":173.50000000,"Amount":3019.52528000,"Done":false},{"Time":"2019-04-03T20:07:15","Situation":"flat","Type":"ask","Price":173.50000000,"Amount":3015.20010000,"Done":false},{"Time":"2019-04-03T20:12:16","Situation":"flat","Type":"ask","Price":174.50000000,"Amount":777.48446000,"Done":false},{"Time":"2019-04-03T20:13:08","Situation":"trend","Type":"ask","Price":174.50000000,"Amount":783.06638000,"Done":false},{"Time":"2019-04-03T20:14:35","Situation":"trend","Type":"ask","Price":174.50000000,"Amount":777.48446000,"Done":true},{"Time":"2019-04-03T20:15:09","Situation":"trend","Type":"ask","Price":174.50000000,"Amount":777.48446000,"Done":true},{"Time":"2019-04-03T20:15:39","Situation":"trend","Type":"ask","Price":174.50000000,"Amount":777.48446000,"Done":true},{"Time":"2019-04-03T20:16:13","Situation":"trend","Type":"ask","Price":174.50000000,"Amount":777.48446000,"Done":true},{"Time":"2019-04-03T20:18:11","Situation":"trend","Type":"ask","Price":174.50000000,"Amount":777.48446000,"Done":true},{"Time":"2019-04-03T20:47:20","Situation":"trend","Type":"ask","Price":177.00000000,"Amount":2043.39206000,"Done":false},{"Time":"2019-04-03T20:52:21","Situation":"flat","Type":"ask","Price":177.00000000,"Amount":2047.81646000,"Done":false},{"Time":"2019-04-03T20:52:26","Situation":"trend","Type":"ask","Price":177.00000000,"Amount":2047.81646000,"Done":false},{"Time":"2019-04-03T20:56:47","Situation":"trend","Type":"ask","Price":176.30000000,"Amount":6023.86608000,"Done":false},{"Time":"2019-04-03T20:56:47","Situation":"trend","Type":"ask","Price":177.00000000,"Amount":2047.81646000,"Done":true},{"Time":"2019-04-03T21:07:10","Situation":"trend","Type":"ask","Price":177.15000000,"Amount":1854.04161000,"Done":false},{"Time":"2019-04-03T21:09:15","Situation":"trend","Type":"ask","Price":177.15000000,"Amount":1854.04161000,"Done":false},{"Time":"2019-04-03T21:15:39","Situation":"trend","Type":"ask","Price":177.00000000,"Amount":2080.28924000,"Done":false},{"Time":"2019-04-03T21:20:42","Situation":"flat","Type":"ask","Price":177.00000000,"Amount":2057.47717000,"Done":false},{"Time":"2019-04-03T21:25:42","Situation":"flat","Type":"ask","Price":176.50000000,"Amount":1859.15518000,"Done":false},{"Time":"2019-04-03T21:27:27","Situation":"trend","Type":"ask","Price":176.50000000,"Amount":1857.54176000,"Done":false},{"Time":"2019-04-03T21:27:27","Situation":"trend","Type":"ask","Price":177.00000000,"Amount":2057.47717000,"Done":true},{"Time":"2019-04-03T21:47:30","Situation":"trend","Type":"ask","Price":177.00000000,"Amount":815.42838000,"Done":false},{"Time":"2019-04-03T21:52:34","Situation":"flat","Type":"ask","Price":177.00000000,"Amount":818.37883000,"Done":false},{"Time":"2019-04-03T21:58:15","Situation":"trend","Type":"ask","Price":177.00000000,"Amount":818.37883000,"Done":true},{"Time":"2019-04-03T22:40:38","Situation":"trend","Type":"ask","Price":169.00000000,"Amount":1429.87906000,"Done":false},{"Time":"2019-04-03T22:41:50","Situation":"trend","Type":"ask","Price":169.00000000,"Amount":1365.87914000,"Done":false},{"Time":"2019-04-03T22:42:20","Situation":"trend","Type":"ask","Price":169.00000000,"Amount":1363.95386000,"Done":false},{"Time":"2019-04-03T22:48:39","Situation":"trend","Type":"ask","Price":163.01000000,"Amount":1307.76830000,"Done":false},{"Time":"2019-04-03T22:49:09","Situation":"trend","Type":"ask","Price":163.01000000,"Amount":1307.76830000,"Done":false},{"Time":"2019-04-03T23:02:22","Situation":"trend","Type":"ask","Price":160.50000000,"Amount":920.61551000,"Done":false},{"Time":"2019-04-03T23:02:47","Situation":"trend","Type":"ask","Price":160.50000000,"Amount":920.61551000,"Done":false},{"Time":"2019-04-03T23:03:03","Situation":"trend","Type":"ask","Price":160.50000000,"Amount":920.61551000,"Done":false},{"Time":"2019-04-03T23:03:37","Situation":"trend","Type":"ask","Price":160.50000000,"Amount":920.61551000,"Done":false},{"Time":"2019-04-03T23:42:10","Situation":"trend","Type":"ask","Price":163.00000000,"Amount":806.26845000,"Done":false},{"Time":"2019-04-03T23:44:30","Situation":"trend","Type":"ask","Price":163.00000000,"Amount":820.92009000,"Done":false},{"Time":"2019-04-03T23:45:25","Situation":"trend","Type":"ask","Price":163.00000000,"Amount":806.85207000,"Done":false},{"Time":"2019-04-03T23:47:45","Situation":"trend","Type":"ask","Price":162.55000000,"Amount":800.00000000,"Done":false},{"Time":"2019-04-03T23:48:10","Situation":"trend","Type":"ask","Price":162.55000000,"Amount":800.00000000,"Done":false},{"Time":"2019-04-03T23:48:25","Situation":"trend","Type":"ask","Price":162.55000000,"Amount":800.00000000,"Done":false},{"Time":"2019-04-03T23:48:35","Situation":"trend","Type":"ask","Price":162.55000000,"Amount":800.00000000,"Done":false},{"Time":"2019-04-03T23:48:50","Situation":"trend","Type":"ask","Price":162.55000000,"Amount":800.00000000,"Done":false},{"Time":"2019-04-03T23:49:30","Situation":"trend","Type":"ask","Price":162.55000000,"Amount":800.00000000,"Done":false},{"Time":"2019-04-03T23:49:35","Situation":"trend","Type":"ask","Price":162.55000000,"Amount":800.00000000,"Done":false},{"Time":"2019-04-03T23:49:55","Situation":"trend","Type":"ask","Price":162.55000000,"Amount":800.00000000,"Done":false},{"Time":"2019-04-03T23:50:30","Situation":"trend","Type":"ask","Price":162.55000000,"Amount":800.00000000,"Done":false},{"Time":"2019-04-03T23:50:50","Situation":"trend","Type":"ask","Price":162.55000000,"Amount":800.00000000,"Done":false},{"Time":"2019-04-03T23:51:05","Situation":"trend","Type":"ask","Price":162.55000000,"Amount":800.00000000,"Done":false},{"Time":"2019-04-03T23:51:40","Situation":"trend","Type":"ask","Price":162.55000000,"Amount":800.00000000,"Done":false},{"Time":"2019-04-03T23:52:00","Situation":"trend","Type":"ask","Price":162.55000000,"Amount":800.00000000,"Done":false},{"Time":"2019-04-03T23:52:40","Situation":"trend","Type":"ask","Price":162.55000000,"Amount":800.00000000,"Done":false},{"Time":"2019-04-03T23:53:25","Situation":"trend","Type":"ask","Price":162.55000000,"Amount":800.00000000,"Done":false},{"Time":"2019-04-03T23:56:55","Situation":"trend","Type":"ask","Price":162.55000000,"Amount":800.00000000,"Done":false},{"Time":"2019-04-03T23:58:18","Situation":"trend","Type":"ask","Price":162.55000000,"Amount":800.00000000,"Done":false},{"Time":"2019-04-04T00:00:39","Situation":"trend","Type":"ask","Price":162.55000000,"Amount":800.00000000,"Done":false},{"Time":"2019-04-04T00:01:54","Situation":"trend","Type":"ask","Price":162.55000000,"Amount":800.00000000,"Done":false},{"Time":"2019-04-04T00:17:10","Situation":"trend","Type":"ask","Price":162.55000000,"Amount":800.00000000,"Done":false},{"Time":"2019-04-04T00:18:29","Situation":"trend","Type":"ask","Price":162.55000000,"Amount":800.00000000,"Done":false},{"Time":"2019-04-04T00:18:44","Situation":"trend","Type":"ask","Price":162.55000000,"Amount":800.00000000,"Done":false},{"Time":"2019-04-04T00:18:54","Situation":"trend","Type":"ask","Price":162.55000000,"Amount":800.00000000,"Done":false},{"Time":"2019-04-04T00:19:09","Situation":"trend","Type":"ask","Price":162.55000000,"Amount":800.00000000,"Done":false},{"Time":"2019-04-04T00:19:18","Situation":"trend","Type":"ask","Price":162.55000000,"Amount":800.00000000,"Done":false},{"Time":"2019-04-04T00:21:29","Situation":"trend","Type":"ask","Price":162.55000000,"Amount":800.00000000,"Done":false},{"Time":"2019-04-04T00:23:14","Situation":"trend","Type":"ask","Price":162.55000000,"Amount":1001.00000000,"Done":false},{"Time":"2019-04-04T00:24:39","Situation":"trend","Type":"ask","Price":162.55000000,"Amount":811.93220000,"Done":false},{"Time":"2019-04-04T00:29:14","Situation":"trend","Type":"ask","Price":162.55000000,"Amount":800.00000000,"Done":false},{"Time":"2019-04-04T00:31:34","Situation":"trend","Type":"ask","Price":162.55000000,"Amount":800.00000000,"Done":false},{"Time":"2019-04-04T00:32:59","Situation":"trend","Type":"ask","Price":162.55000000,"Amount":800.00000000,"Done":false},{"Time":"2019-04-04T00:33:14","Situation":"trend","Type":"ask","Price":162.55000000,"Amount":800.00000000,"Done":false},{"Time":"2019-04-04T00:33:44","Situation":"trend","Type":"ask","Price":162.55000000,"Amount":800.00000000,"Done":false},{"Time":"2019-04-04T00:34:14","Situation":"trend","Type":"ask","Price":162.55000000,"Amount":800.00000000,"Done":false},{"Time":"2019-04-04T00:34:58","Situation":"trend","Type":"ask","Price":162.55000000,"Amount":800.00000000,"Done":false},{"Time":"2019-04-04T00:37:04","Situation":"trend","Type":"ask","Price":162.55000000,"Amount":800.00000000,"Done":false},{"Time":"2019-04-04T00:42:05","Situation":"flat","Type":"ask","Price":162.55000000,"Amount":800.00000000,"Done":false},{"Time":"2019-04-04T00:43:05","Situation":"trend","Type":"ask","Price":162.55000000,"Amount":800.00000000,"Done":false},{"Time":"2019-04-04T00:46:53","Situation":"trend","Type":"ask","Price":162.55000000,"Amount":800.00000000,"Done":false},{"Time":"2019-04-04T00:51:55","Situation":"flat","Type":"ask","Price":162.55000000,"Amount":800.00000000,"Done":false},{"Time":"2019-04-04T00:54:17","Situation":"trend","Type":"ask","Price":162.55000000,"Amount":800.00000000,"Done":false},{"Time":"2019-04-04T00:57:09","Situation":"trend","Type":"ask","Price":162.55000000,"Amount":800.00000000,"Done":false},{"Time":"2019-04-04T01:02:09","Situation":"flat","Type":"ask","Price":162.55000000,"Amount":800.00000000,"Done":false},{"Time":"2019-04-04T01:07:09","Situation":"flat","Type":"ask","Price":162.55000000,"Amount":800.00000000,"Done":false},{"Time":"2019-04-04T01:11:30","Situation":"trend","Type":"ask","Price":162.55000000,"Amount":800.00000000,"Done":false},{"Time":"2019-04-04T01:15:17","Situation":"trend","Type":"ask","Price":165.00000000,"Amount":763.14599000,"Done":false},{"Time":"2019-04-04T01:15:17","Situation":"trend","Type":"ask","Price":162.55000000,"Amount":800.00000000,"Done":true},{"Time":"2019-04-04T01:24:04","Situation":"trend","Type":"ask","Price":165.00000000,"Amount":841.17983000,"Done":false},{"Time":"2019-04-04T01:29:05","Situation":"flat","Type":"ask","Price":165.00000000,"Amount":844.50328000,"Done":false},{"Time":"2019-04-04T01:35:10","Situation":"flat","Type":"ask","Price":165.00000000,"Amount":844.50328000,"Done":false},{"Time":"2019-04-04T01:36:25","Situation":"trend","Type":"ask","Price":165.00000000,"Amount":845.50328000,"Done":false},{"Time":"2019-04-04T01:41:29","Situation":"flat","Type":"ask","Price":165.00000000,"Amount":845.50328000,"Done":false},{"Time":"2019-04-04T01:46:29","Situation":"flat","Type":"ask","Price":165.00000000,"Amount":844.00785000,"Done":false},{"Time":"2019-04-04T01:49:45","Situation":"trend","Type":"ask","Price":165.00000000,"Amount":845.50328000,"Done":true},{"Time":"2019-04-04T11:32:23","Situation":"trend","Type":"ask","Price":162.00000000,"Amount":826.27737000,"Done":false},{"Time":"2019-04-04T11:48:06","Situation":"flat","Type":"ask","Price":161.86000000,"Amount":1184.29830000,"Done":false},{"Time":"2019-04-04T11:53:10","Situation":"flat","Type":"ask","Price":161.86000000,"Amount":1184.29830000,"Done":false},{"Time":"2019-04-04T11:58:13","Situation":"flat","Type":"ask","Price":161.86000000,"Amount":1184.29830000,"Done":false},{"Time":"2019-04-04T12:03:14","Situation":"flat","Type":"ask","Price":161.86000000,"Amount":1185.47502000,"Done":false},{"Time":"2019-04-04T12:08:14","Situation":"flat","Type":"ask","Price":161.86000000,"Amount":1185.47502000,"Done":false},{"Time":"2019-04-04T12:09:50","Situation":"trend","Type":"ask","Price":161.86000000,"Amount":1185.47502000,"Done":false},{"Time":"2019-04-04T12:14:50","Situation":"flat","Type":"ask","Price":161.86000000,"Amount":1185.47502000,"Done":false},{"Time":"2019-04-04T12:19:53","Situation":"flat","Type":"ask","Price":161.86000000,"Amount":1204.47502000,"Done":false},{"Time":"2019-04-04T12:24:54","Situation":"flat","Type":"ask","Price":161.86000000,"Amount":1185.47502000,"Done":false},{"Time":"2019-04-04T12:25:04","Situation":"trend","Type":"ask","Price":161.86000000,"Amount":1185.47502000,"Done":false},{"Time":"2019-04-04T12:30:04","Situation":"flat","Type":"ask","Price":161.86000000,"Amount":1185.47502000,"Done":false},{"Time":"2019-04-04T12:40:05","Situation":"flat","Type":"ask","Price":161.35000000,"Amount":914.66048000,"Done":false},{"Time":"2019-04-04T12:45:08","Situation":"flat","Type":"ask","Price":161.35000000,"Amount":888.93048000,"Done":false},{"Time":"2019-04-04T17:02:21","Situation":"trend","Type":"ask","Price":154.70000000,"Amount":891.80437000,"Done":false},{"Time":"2019-04-04T17:36:43","Situation":"trend","Type":"ask","Price":155.75000000,"Amount":1171.69286000,"Done":false},{"Time":"2019-04-04T17:40:30","Situation":"trend","Type":"ask","Price":154.70000000,"Amount":1318.33868000,"Done":false},{"Time":"2019-04-04T21:17:09","Situation":"trend","Type":"ask","Price":157.50000000,"Amount":810.55969000,"Done":false},{"Time":"2019-04-04T21:20:39","Situation":"trend","Type":"ask","Price":157.50000000,"Amount":802.82636000,"Done":false},{"Time":"2019-04-05T00:56:58","Situation":"flat","Type":"ask","Price":160.00000000,"Amount":916.64323000,"Done":false},{"Time":"2019-04-05T01:01:59","Situation":"flat","Type":"ask","Price":160.00000000,"Amount":915.64323000,"Done":false},{"Time":"2019-04-05T01:07:00","Situation":"flat","Type":"ask","Price":160.00000000,"Amount":915.94781000,"Done":false},{"Time":"2019-04-05T01:12:00","Situation":"flat","Type":"ask","Price":160.00000000,"Amount":915.94781000,"Done":false},{"Time":"2019-04-05T01:17:04","Situation":"flat","Type":"ask","Price":160.00000000,"Amount":916.39234000,"Done":false},{"Time":"2019-04-05T01:22:05","Situation":"flat","Type":"ask","Price":160.00000000,"Amount":918.39234000,"Done":false},{"Time":"2019-04-05T01:27:05","Situation":"flat","Type":"ask","Price":160.00000000,"Amount":802.36578000,"Done":false},{"Time":"2019-04-05T01:32:08","Situation":"flat","Type":"ask","Price":160.00000000,"Amount":837.52165000,"Done":false},{"Time":"2019-04-05T02:46:39","Situation":"flat","Type":"ask","Price":157.53000000,"Amount":858.27140000,"Done":false},{"Time":"2019-04-05T03:55:55","Situation":"flat","Type":"ask","Price":157.30000000,"Amount":873.09657000,"Done":false},{"Time":"2019-04-05T05:02:44","Situation":"trend","Type":"ask","Price":165.00000000,"Amount":764.37931000,"Done":false},{"Time":"2019-04-05T05:06:44","Situation":"trend","Type":"ask","Price":165.00000000,"Amount":1566.06549000,"Done":false},{"Time":"2019-04-05T05:07:49","Situation":"trend","Type":"ask","Price":165.00000000,"Amount":1572.96711000,"Done":false},{"Time":"2019-04-05T05:33:05","Situation":"trend","Type":"ask","Price":164.24000000,"Amount":4946.18585000,"Done":false},{"Time":"2019-04-05T07:58:29","Situation":"flat","Type":"ask","Price":163.55000000,"Amount":1003.36400000,"Done":false},{"Time":"2019-04-05T08:03:30","Situation":"flat","Type":"ask","Price":163.55000000,"Amount":1031.26480000,"Done":false},{"Time":"2019-04-05T09:15:30","Situation":"flat","Type":"ask","Price":164.75000000,"Amount":833.23810000,"Done":false},{"Time":"2019-04-05T09:20:30","Situation":"flat","Type":"ask","Price":164.75000000,"Amount":833.23810000,"Done":false},{"Time":"2019-04-05T09:35:38","Situation":"flat","Type":"ask","Price":163.39000000,"Amount":833.23810000,"Done":false},{"Time":"2019-04-05T11:26:06","Situation":"flat","Type":"ask","Price":165.00000000,"Amount":799.99233000,"Done":false},{"Time":"2019-04-05T12:42:18","Situation":"trend","Type":"ask","Price":166.75000000,"Amount":767.04763000,"Done":false},{"Time":"2019-04-05T12:47:19","Situation":"flat","Type":"ask","Price":165.00000000,"Amount":993.18760000,"Done":false},{"Time":"2019-04-05T12:52:19","Situation":"flat","Type":"ask","Price":165.00000000,"Amount":992.32411000,"Done":false},{"Time":"2019-04-05T12:57:19","Situation":"flat","Type":"ask","Price":165.00000000,"Amount":998.39152000,"Done":false},{"Time":"2019-04-05T13:02:23","Situation":"flat","Type":"ask","Price":165.00000000,"Amount":914.80694000,"Done":false},{"Time":"2019-04-05T13:07:25","Situation":"flat","Type":"ask","Price":165.00000000,"Amount":915.30694000,"Done":false},{"Time":"2019-04-05T13:12:27","Situation":"flat","Type":"ask","Price":165.00000000,"Amount":927.48700000,"Done":false},{"Time":"2019-04-05T13:21:50","Situation":"trend","Type":"ask","Price":166.75000000,"Amount":767.04763000,"Done":false},{"Time":"2019-04-05T13:31:20","Situation":"trend","Type":"ask","Price":168.00000000,"Amount":1566.75779000,"Done":false},{"Time":"2019-04-05T13:35:40","Situation":"trend","Type":"ask","Price":168.00000000,"Amount":1501.63110000,"Done":false},{"Time":"2019-04-05T13:36:45","Situation":"trend","Type":"ask","Price":168.00000000,"Amount":1493.68682000,"Done":false},{"Time":"2019-04-05T15:56:54","Situation":"flat","Type":"ask","Price":164.00000000,"Amount":1080.46142000,"Done":false},{"Time":"2019-04-05T16:01:54","Situation":"flat","Type":"ask","Price":164.00000000,"Amount":1080.46142000,"Done":false},{"Time":"2019-04-05T16:03:53","Situation":"trend","Type":"ask","Price":164.00000000,"Amount":1080.46142000,"Done":false},{"Time":"2019-04-05T16:08:54","Situation":"flat","Type":"ask","Price":164.00000000,"Amount":1082.92593000,"Done":false},{"Time":"2019-04-05T16:13:55","Situation":"flat","Type":"ask","Price":164.00000000,"Amount":1089.43636000,"Done":false},{"Time":"2019-04-05T16:18:00","Situation":"trend","Type":"ask","Price":164.00000000,"Amount":1092.41876000,"Done":false},{"Time":"2019-04-05T16:23:04","Situation":"flat","Type":"ask","Price":165.00000000,"Amount":1123.26418000,"Done":false},{"Time":"2019-04-05T16:25:24","Situation":"trend","Type":"ask","Price":165.00000000,"Amount":1290.54810000,"Done":false},{"Time":"2019-04-05T16:30:24","Situation":"flat","Type":"ask","Price":165.00000000,"Amount":1223.36561000,"Done":false},{"Time":"2019-04-05T16:37:28","Situation":"trend","Type":"ask","Price":165.00000000,"Amount":1223.36561000,"Done":true},{"Time":"2019-04-05T17:22:44","Situation":"flat","Type":"ask","Price":165.00000000,"Amount":1751.28083000,"Done":false},{"Time":"2019-04-05T17:27:44","Situation":"flat","Type":"ask","Price":165.00000000,"Amount":1761.88895000,"Done":false},{"Time":"2019-04-05T17:42:49","Situation":"flat","Type":"ask","Price":165.20000000,"Amount":950.22636000,"Done":false},{"Time":"2019-04-05T17:47:50","Situation":"flat","Type":"ask","Price":165.20000000,"Amount":950.22636000,"Done":false},{"Time":"2019-04-05T21:00:04","Situation":"flat","Type":"ask","Price":162.91000000,"Amount":803.67862000,"Done":false},{"Time":"2019-04-05T22:56:44","Situation":"trend","Type":"ask","Price":166.20000000,"Amount":939.12063000,"Done":false},{"Time":"2019-04-05T23:01:45","Situation":"flat","Type":"ask","Price":166.20000000,"Amount":1140.12063000,"Done":false},{"Time":"2019-04-05T23:03:15","Situation":"trend","Type":"ask","Price":166.20000000,"Amount":939.12063000,"Done":false},{"Time":"2019-04-05T23:08:19","Situation":"flat","Type":"ask","Price":166.20000000,"Amount":945.75695000,"Done":false},{"Time":"2019-04-05T23:13:20","Situation":"flat","Type":"ask","Price":166.20000000,"Amount":945.75695000,"Done":false},{"Time":"2019-04-05T23:16:07","Situation":"trend","Type":"ask","Price":166.20000000,"Amount":945.75695000,"Done":false},{"Time":"2019-04-05T23:21:09","Situation":"flat","Type":"ask","Price":166.20000000,"Amount":945.92868000,"Done":false},{"Time":"2019-04-05T23:26:13","Situation":"flat","Type":"ask","Price":166.20000000,"Amount":945.92868000,"Done":false},{"Time":"2019-04-05T23:31:14","Situation":"flat","Type":"ask","Price":166.20000000,"Amount":945.92868000,"Done":false},{"Time":"2019-04-05T23:36:18","Situation":"flat","Type":"ask","Price":166.20000000,"Amount":945.92868000,"Done":false},{"Time":"2019-04-05T23:41:19","Situation":"flat","Type":"ask","Price":166.20000000,"Amount":945.92868000,"Done":false},{"Time":"2019-04-05T23:46:20","Situation":"flat","Type":"ask","Price":166.20000000,"Amount":945.92868000,"Done":false},{"Time":"2019-04-05T23:51:23","Situation":"flat","Type":"ask","Price":166.20000000,"Amount":946.16836000,"Done":false},{"Time":"2019-04-05T23:56:24","Situation":"flat","Type":"ask","Price":166.20000000,"Amount":946.16836000,"Done":false},{"Time":"2019-04-06T00:01:24","Situation":"flat","Type":"ask","Price":166.20000000,"Amount":946.16836000,"Done":false},{"Time":"2019-04-06T05:26:14","Situation":"trend","Type":"ask","Price":166.20000000,"Amount":941.29236000,"Done":false},{"Time":"2019-04-06T05:31:14","Situation":"flat","Type":"ask","Price":166.20000000,"Amount":941.29236000,"Done":false},{"Time":"2019-04-06T05:36:15","Situation":"flat","Type":"ask","Price":166.20000000,"Amount":941.29236000,"Done":false},{"Time":"2019-04-06T08:39:05","Situation":"trend","Type":"ask","Price":161.20000000,"Amount":1621.50878000,"Done":false},{"Time":"2019-04-06T08:39:25","Situation":"trend","Type":"ask","Price":161.20000000,"Amount":1572.62627000,"Done":false},{"Time":"2019-04-06T08:40:46","Situation":"trend","Type":"ask","Price":161.20000000,"Amount":1575.05248000,"Done":false},{"Time":"2019-04-06T12:49:24","Situation":"trend","Type":"ask","Price":164.00000000,"Amount":975.51218000,"Done":false},{"Time":"2019-04-06T12:54:25","Situation":"flat","Type":"ask","Price":164.00000000,"Amount":974.66815000,"Done":false},{"Time":"2019-04-06T12:59:25","Situation":"flat","Type":"ask","Price":164.00000000,"Amount":985.65903000,"Done":false},{"Time":"2019-04-06T13:04:25","Situation":"flat","Type":"ask","Price":164.00000000,"Amount":1028.69510000,"Done":false},{"Time":"2019-04-06T13:09:29","Situation":"flat","Type":"ask","Price":164.00000000,"Amount":1002.82572000,"Done":false},{"Time":"2019-04-06T14:44:49","Situation":"flat","Type":"ask","Price":165.00000000,"Amount":1364.27635000,"Done":false},{"Time":"2019-04-06T14:49:49","Situation":"flat","Type":"ask","Price":165.00000000,"Amount":1321.11266000,"Done":false},{"Time":"2019-04-06T14:54:49","Situation":"flat","Type":"ask","Price":165.00000000,"Amount":1361.53969000,"Done":false},{"Time":"2019-04-06T14:59:44","Situation":"trend","Type":"ask","Price":165.00000000,"Amount":1372.07331000,"Done":false},{"Time":"2019-04-06T15:00:59","Situation":"trend","Type":"ask","Price":166.90000000,"Amount":939.12012000,"Done":false},{"Time":"2019-04-06T15:00:59","Situation":"trend","Type":"ask","Price":167.00000000,"Amount":1344.08197000,"Done":false},{"Time":"2019-04-06T15:00:59","Situation":"trend","Type":"ask","Price":165.00000000,"Amount":1361.53969000,"Done":true},{"Time":"2019-04-06T15:37:49","Situation":"flat","Type":"ask","Price":165.00000000,"Amount":1015.97791000,"Done":false},{"Time":"2019-04-06T15:42:49","Situation":"flat","Type":"ask","Price":165.00000000,"Amount":1019.37758000,"Done":false},{"Time":"2019-04-06T15:43:59","Situation":"trend","Type":"ask","Price":165.00000000,"Amount":1015.97791000,"Done":true},{"Time":"2019-04-06T15:46:59","Situation":"trend","Type":"ask","Price":167.00000000,"Amount":1402.50457000,"Done":false},{"Time":"2019-04-06T15:46:59","Situation":"trend","Type":"ask","Price":165.00000000,"Amount":1019.37758000,"Done":true},{"Time":"2019-04-06T15:55:09","Situation":"trend","Type":"ask","Price":167.00000000,"Amount":1415.23748000,"Done":false},{"Time":"2019-04-06T15:55:09","Situation":"trend","Type":"ask","Price":167.10000000,"Amount":949.10002000,"Done":false},{"Time":"2019-04-06T15:57:29","Situation":"trend","Type":"ask","Price":167.00000000,"Amount":1311.02815000,"Done":false},{"Time":"2019-04-06T15:57:29","Situation":"trend","Type":"ask","Price":167.10000000,"Amount":974.20535000,"Done":false},{"Time":"2019-04-06T15:57:29","Situation":"trend","Type":"ask","Price":168.00000000,"Amount":1570.04880000,"Done":false},{"Time":"2019-04-06T16:00:39","Situation":"trend","Type":"ask","Price":168.00000000,"Amount":1525.51135000,"Done":false},{"Time":"2019-04-06T16:29:05","Situation":"trend","Type":"ask","Price":168.00000000,"Amount":1048.94763000,"Done":false},{"Time":"2019-04-06T16:32:55","Situation":"trend","Type":"ask","Price":168.00000000,"Amount":1341.29520000,"Done":false},{"Time":"2019-04-06T16:37:45","Situation":"trend","Type":"ask","Price":169.20000000,"Amount":855.64411000,"Done":false},{"Time":"2019-04-06T16:40:39","Situation":"trend","Type":"ask","Price":170.00000000,"Amount":986.38762000,"Done":false},{"Time":"2019-04-06T16:45:39","Situation":"trend","Type":"ask","Price":168.75000000,"Amount":875.49447000,"Done":false},{"Time":"2019-04-06T16:50:43","Situation":"flat","Type":"ask","Price":168.75000000,"Amount":875.42931000,"Done":false},{"Time":"2019-04-06T16:55:44","Situation":"flat","Type":"ask","Price":168.75000000,"Amount":883.11164000,"Done":false},{"Time":"2019-04-06T17:00:45","Situation":"flat","Type":"ask","Price":168.75000000,"Amount":875.42931000,"Done":false},{"Time":"2019-04-06T17:03:41","Situation":"trend","Type":"ask","Price":168.75000000,"Amount":875.42931000,"Done":false},{"Time":"2019-04-06T17:08:45","Situation":"flat","Type":"ask","Price":168.65000000,"Amount":853.66297000,"Done":false},{"Time":"2019-04-06T17:13:49","Situation":"flat","Type":"ask","Price":168.65000000,"Amount":853.66297000,"Done":false},{"Time":"2019-04-06T17:18:19","Situation":"trend","Type":"ask","Price":168.65000000,"Amount":853.66297000,"Done":true},{"Time":"2019-04-06T17:38:25","Situation":"flat","Type":"ask","Price":168.65000000,"Amount":853.66297000,"Done":false},{"Time":"2019-04-06T17:43:25","Situation":"flat","Type":"ask","Price":167.50000000,"Amount":864.65964000,"Done":false},{"Time":"2019-04-06T17:53:32","Situation":"flat","Type":"ask","Price":168.00000000,"Amount":1366.05071000,"Done":false},{"Time":"2019-04-06T18:03:36","Situation":"flat","Type":"ask","Price":168.00000000,"Amount":1345.84657000,"Done":false},{"Time":"2019-04-06T18:13:41","Situation":"flat","Type":"ask","Price":168.00000000,"Amount":1345.84657000,"Done":false},{"Time":"2019-04-06T18:18:44","Situation":"flat","Type":"ask","Price":168.00000000,"Amount":1345.84657000,"Done":false},{"Time":"2019-04-06T18:23:45","Situation":"flat","Type":"ask","Price":168.00000000,"Amount":1345.84657000,"Done":false},{"Time":"2019-04-06T18:27:04","Situation":"trend","Type":"ask","Price":168.00000000,"Amount":1365.94657000,"Done":false},{"Time":"2019-04-06T18:32:06","Situation":"flat","Type":"ask","Price":168.00000000,"Amount":1097.20414000,"Done":false},{"Time":"2019-04-06T18:34:40","Situation":"trend","Type":"ask","Price":168.00000000,"Amount":1097.20414000,"Done":false},{"Time":"2019-04-06T19:08:49","Situation":"trend","Type":"ask","Price":170.00000000,"Amount":1037.07019000,"Done":false},{"Time":"2019-04-06T19:13:49","Situation":"flat","Type":"ask","Price":170.00000000,"Amount":1047.87600000,"Done":false},{"Time":"2019-04-06T19:15:14","Situation":"trend","Type":"ask","Price":170.00000000,"Amount":1147.81090000,"Done":false},{"Time":"2019-04-06T19:15:59","Situation":"trend","Type":"ask","Price":172.00000000,"Amount":966.88132000,"Done":false},{"Time":"2019-04-06T19:15:59","Situation":"trend","Type":"ask","Price":170.00000000,"Amount":1047.87600000,"Done":true},{"Time":"2019-04-06T19:16:59","Situation":"trend","Type":"ask","Price":172.00000000,"Amount":982.46526000,"Done":false},{"Time":"2019-04-06T19:16:59","Situation":"trend","Type":"ask","Price":170.00000000,"Amount":1047.87600000,"Done":true},{"Time":"2019-04-06T19:24:09","Situation":"trend","Type":"ask","Price":172.00000000,"Amount":984.18560000,"Done":false},{"Time":"2019-04-06T19:29:09","Situation":"flat","Type":"ask","Price":172.00000000,"Amount":983.49829000,"Done":false},{"Time":"2019-04-06T19:34:09","Situation":"flat","Type":"ask","Price":172.00000000,"Amount":975.43297000,"Done":false},{"Time":"2019-04-06T19:38:44","Situation":"trend","Type":"ask","Price":172.00000000,"Amount":973.20154000,"Done":false},{"Time":"2019-04-07T03:01:08","Situation":"flat","Type":"ask","Price":169.00000000,"Amount":1075.60023000,"Done":false},{"Time":"2019-04-07T03:14:58","Situation":"trend","Type":"ask","Price":169.00000000,"Amount":1078.36575000,"Done":false},{"Time":"2019-04-07T03:19:59","Situation":"flat","Type":"ask","Price":169.00000000,"Amount":1076.37759000,"Done":false},{"Time":"2019-04-07T03:25:02","Situation":"flat","Type":"ask","Price":169.00000000,"Amount":1076.37759000,"Done":false},{"Time":"2019-04-07T03:30:05","Situation":"flat","Type":"ask","Price":169.00000000,"Amount":1106.91891000,"Done":false},{"Time":"2019-04-07T03:35:05","Situation":"flat","Type":"ask","Price":169.00000000,"Amount":1104.92091000,"Done":false},{"Time":"2019-04-07T03:40:09","Situation":"flat","Type":"ask","Price":169.00000000,"Amount":1105.92091000,"Done":false},{"Time":"2019-04-07T03:50:12","Situation":"flat","Type":"ask","Price":169.00000000,"Amount":1105.92091000,"Done":false},{"Time":"2019-04-07T03:55:14","Situation":"flat","Type":"ask","Price":169.00000000,"Amount":1105.92091000,"Done":false},{"Time":"2019-04-07T04:00:14","Situation":"flat","Type":"ask","Price":169.00000000,"Amount":1105.92091000,"Done":false},{"Time":"2019-04-07T04:05:14","Situation":"flat","Type":"ask","Price":169.00000000,"Amount":1106.42091000,"Done":false},{"Time":"2019-04-07T04:08:35","Situation":"trend","Type":"ask","Price":169.00000000,"Amount":1106.42091000,"Done":false},{"Time":"2019-04-07T04:13:35","Situation":"flat","Type":"ask","Price":169.00000000,"Amount":1106.42091000,"Done":false},{"Time":"2019-04-07T04:18:38","Situation":"flat","Type":"ask","Price":169.00000000,"Amount":1106.42091000,"Done":false},{"Time":"2019-04-07T04:23:40","Situation":"flat","Type":"ask","Price":169.00000000,"Amount":1124.42091000,"Done":false},{"Time":"2019-04-07T04:28:43","Situation":"flat","Type":"ask","Price":169.00000000,"Amount":1122.42091000,"Done":false},{"Time":"2019-04-07T04:33:44","Situation":"flat","Type":"ask","Price":169.00000000,"Amount":1101.56131000,"Done":false},{"Time":"2019-04-07T04:38:45","Situation":"flat","Type":"ask","Price":169.00000000,"Amount":1101.56131000,"Done":false},{"Time":"2019-04-07T04:43:45","Situation":"flat","Type":"ask","Price":169.00000000,"Amount":1101.56131000,"Done":false},{"Time":"2019-04-07T06:13:00","Situation":"flat","Type":"ask","Price":167.15000000,"Amount":922.23267000,"Done":false},{"Time":"2019-04-07T07:13:15","Situation":"flat","Type":"ask","Price":170.00000000,"Amount":1831.42508000,"Done":false},{"Time":"2019-04-07T07:18:15","Situation":"flat","Type":"ask","Price":170.00000000,"Amount":1661.73578000,"Done":false},{"Time":"2019-04-07T07:23:15","Situation":"flat","Type":"ask","Price":170.00000000,"Amount":1679.36097000,"Done":false},{"Time":"2019-04-07T07:28:15","Situation":"flat","Type":"ask","Price":170.00000000,"Amount":1671.28354000,"Done":false},{"Time":"2019-04-07T07:33:19","Situation":"flat","Type":"ask","Price":170.00000000,"Amount":1783.66607000,"Done":false},{"Time":"2019-04-07T07:38:23","Situation":"flat","Type":"ask","Price":170.00000000,"Amount":1793.66607000,"Done":false},{"Time":"2019-04-07T08:38:36","Situation":"flat","Type":"ask","Price":170.00000000,"Amount":1601.76733000,"Done":false},{"Time":"2019-04-07T09:03:44","Situation":"flat","Type":"ask","Price":170.00000000,"Amount":1623.17547000,"Done":false},{"Time":"2019-04-07T09:08:45","Situation":"flat","Type":"ask","Price":170.00000000,"Amount":1637.21104000,"Done":false},{"Time":"2019-04-07T20:11:11","Situation":"trend","Type":"ask","Price":172.00000000,"Amount":1910.16252000,"Done":false},{"Time":"2019-04-07T20:11:56","Situation":"trend","Type":"ask","Price":173.00000000,"Amount":1476.58827000,"Done":false},{"Time":"2019-04-07T20:15:28","Situation":"trend","Type":"ask","Price":174.00000000,"Amount":1386.87614000,"Done":false},{"Time":"2019-04-07T20:16:45","Situation":"trend","Type":"ask","Price":175.00000000,"Amount":2521.11387000,"Done":false},{"Time":"2019-04-07T20:18:10","Situation":"trend","Type":"ask","Price":175.00000000,"Amount":2513.51922000,"Done":false},{"Time":"2019-04-07T20:20:55","Situation":"trend","Type":"ask","Price":175.00000000,"Amount":2105.75278000,"Done":false},{"Time":"2019-04-07T20:21:12","Situation":"trend","Type":"ask","Price":174.60000000,"Amount":890.90030000,"Done":false},{"Time":"2019-04-07T20:23:22","Situation":"trend","Type":"ask","Price":174.73000000,"Amount":890.78549000,"Done":false},{"Time":"2019-04-07T20:23:22","Situation":"trend","Type":"ask","Price":175.00000000,"Amount":2107.73021000,"Done":false},{"Time":"2019-04-07T20:28:06","Situation":"trend","Type":"ask","Price":174.40000000,"Amount":890.90043000,"Done":false},{"Time":"2019-04-07T20:28:06","Situation":"trend","Type":"ask","Price":175.00000000,"Amount":2153.81151000,"Done":false},{"Time":"2019-04-07T20:52:36","Situation":"trend","Type":"ask","Price":173.00000000,"Amount":835.26685000,"Done":false},{"Time":"2019-04-07T20:57:40","Situation":"flat","Type":"ask","Price":173.00000000,"Amount":972.24457000,"Done":false},{"Time":"2019-04-07T20:57:50","Situation":"trend","Type":"ask","Price":173.00000000,"Amount":1001.84853000,"Done":false},{"Time":"2019-04-07T22:47:04","Situation":"trend","Type":"ask","Price":175.80000000,"Amount":816.94993000,"Done":false},{"Time":"2019-04-07T23:22:49","Situation":"trend","Type":"ask","Price":175.40000000,"Amount":1730.33012000,"Done":false},{"Time":"2019-04-07T23:27:51","Situation":"flat","Type":"ask","Price":175.40000000,"Amount":1529.33012000,"Done":false},{"Time":"2019-04-07T23:32:54","Situation":"flat","Type":"ask","Price":175.40000000,"Amount":1529.33012000,"Done":false},{"Time":"2019-04-07T23:33:21","Situation":"trend","Type":"ask","Price":175.40000000,"Amount":1529.33012000,"Done":false},{"Time":"2019-04-07T23:35:34","Situation":"trend","Type":"ask","Price":175.40000000,"Amount":1545.33012000,"Done":false},{"Time":"2019-04-07T23:40:09","Situation":"trend","Type":"ask","Price":175.40000000,"Amount":1529.33012000,"Done":true},{"Time":"2019-04-07T23:54:27","Situation":"trend","Type":"ask","Price":175.80000000,"Amount":760.48165000,"Done":false},{"Time":"2019-04-07T23:59:31","Situation":"flat","Type":"ask","Price":175.80000000,"Amount":760.48165000,"Done":false},{"Time":"2019-04-08T00:06:59","Situation":"trend","Type":"ask","Price":175.80000000,"Amount":760.48165000,"Done":false},{"Time":"2019-04-08T00:12:04","Situation":"flat","Type":"ask","Price":175.80000000,"Amount":760.48165000,"Done":false},{"Time":"2019-04-08T00:13:31","Situation":"trend","Type":"ask","Price":175.80000000,"Amount":760.48165000,"Done":false},{"Time":"2019-04-08T00:15:20","Situation":"trend","Type":"ask","Price":175.80000000,"Amount":760.48165000,"Done":false},{"Time":"2019-04-08T00:15:20","Situation":"trend","Type":"ask","Price":177.00000000,"Amount":2253.45450000,"Done":false},{"Time":"2019-04-08T00:16:22","Situation":"trend","Type":"ask","Price":177.00000000,"Amount":2253.54685000,"Done":false},{"Time":"2019-04-08T00:16:22","Situation":"trend","Type":"ask","Price":175.80000000,"Amount":760.48165000,"Done":true},{"Time":"2019-04-08T00:19:05","Situation":"trend","Type":"ask","Price":175.80000000,"Amount":760.48165000,"Done":true},{"Time":"2019-04-08T00:20:32","Situation":"trend","Type":"ask","Price":178.20000000,"Amount":1529.62910000,"Done":false},{"Time":"2019-04-08T00:24:56","Situation":"trend","Type":"ask","Price":180.00000000,"Amount":1876.18233000,"Done":false},{"Time":"2019-04-08T00:25:19","Situation":"trend","Type":"ask","Price":180.00000000,"Amount":1847.89149000,"Done":false},{"Time":"2019-04-08T00:25:43","Situation":"trend","Type":"ask","Price":182.00000000,"Amount":1828.63168000,"Done":false},{"Time":"2019-04-08T00:27:05","Situation":"trend","Type":"ask","Price":182.00000000,"Amount":1837.03319000,"Done":false},{"Time":"2019-04-08T00:38:51","Situation":"trend","Type":"ask","Price":185.00000000,"Amount":4542.50070000,"Done":false},{"Time":"2019-04-08T00:40:31","Situation":"trend","Type":"ask","Price":185.00000000,"Amount":4592.82590000,"Done":false},{"Time":"2019-04-08T00:41:27","Situation":"trend","Type":"ask","Price":185.00000000,"Amount":4561.86144000,"Done":false},{"Time":"2019-04-08T00:44:05","Situation":"trend","Type":"ask","Price":183.00000000,"Amount":1569.98697000,"Done":false},{"Time":"2019-04-08T00:44:05","Situation":"trend","Type":"ask","Price":185.00000000,"Amount":4681.44507000,"Done":false},{"Time":"2019-04-08T00:46:50","Situation":"trend","Type":"ask","Price":184.90000000,"Amount":1531.94642000,"Done":false},{"Time":"2019-04-08T00:46:50","Situation":"trend","Type":"ask","Price":185.00000000,"Amount":4527.91367000,"Done":false},{"Time":"2019-04-08T00:52:24","Situation":"trend","Type":"ask","Price":184.90000000,"Amount":1567.25060000,"Done":false},{"Time":"2019-04-08T00:52:24","Situation":"trend","Type":"ask","Price":185.00000000,"Amount":4556.33575000,"Done":false},{"Time":"2019-04-08T00:54:05","Situation":"trend","Type":"ask","Price":184.90000000,"Amount":1567.25060000,"Done":false},{"Time":"2019-04-08T00:54:05","Situation":"trend","Type":"ask","Price":185.00000000,"Amount":4509.61782000,"Done":false},{"Time":"2019-04-08T00:59:05","Situation":"flat","Type":"ask","Price":184.90000000,"Amount":1531.94642000,"Done":false},{"Time":"2019-04-08T00:59:05","Situation":"flat","Type":"ask","Price":185.00000000,"Amount":4474.13184000,"Done":false},{"Time":"2019-04-08T01:01:10","Situation":"trend","Type":"ask","Price":185.00000000,"Amount":4534.72271000,"Done":false},{"Time":"2019-04-08T01:03:14","Situation":"trend","Type":"ask","Price":185.00000000,"Amount":4523.82075000,"Done":false},{"Time":"2019-04-08T01:03:14","Situation":"trend","Type":"ask","Price":184.90000000,"Amount":1531.94642000,"Done":true},{"Time":"2019-04-08T01:07:36","Situation":"trend","Type":"ask","Price":185.00000000,"Amount":4554.57159000,"Done":false},{"Time":"2019-04-08T01:07:36","Situation":"trend","Type":"ask","Price":184.90000000,"Amount":1531.94642000,"Done":true},{"Time":"2019-04-08T01:11:06","Situation":"trend","Type":"ask","Price":185.00000000,"Amount":4623.64666000,"Done":false},{"Time":"2019-04-08T01:12:54","Situation":"trend","Type":"ask","Price":185.00000000,"Amount":4672.29319000,"Done":false},{"Time":"2019-04-08T01:13:36","Situation":"trend","Type":"ask","Price":185.00000000,"Amount":4672.29319000,"Done":false},{"Time":"2019-04-08T01:14:50","Situation":"trend","Type":"ask","Price":185.00000000,"Amount":4641.75165000,"Done":false},{"Time":"2019-04-08T01:20:15","Situation":"trend","Type":"ask","Price":185.00000000,"Amount":4636.61360000,"Done":false},{"Time":"2019-04-08T01:44:47","Situation":"trend","Type":"ask","Price":185.00000000,"Amount":4578.04184000,"Done":false},{"Time":"2019-04-08T01:47:20","Situation":"trend","Type":"ask","Price":185.00000000,"Amount":4568.65922000,"Done":false},{"Time":"2019-04-08T01:52:24","Situation":"flat","Type":"ask","Price":185.00000000,"Amount":4670.89673000,"Done":false},{"Time":"2019-04-08T02:06:00","Situation":"trend","Type":"ask","Price":185.00000000,"Amount":5045.31796000,"Done":false},{"Time":"2019-04-08T02:07:24","Situation":"trend","Type":"ask","Price":185.00000000,"Amount":5034.31797000,"Done":false},{"Time":"2019-04-08T08:43:12","Situation":"trend","Type":"ask","Price":180.00000000,"Amount":1700.56027000,"Done":false},{"Time":"2019-04-08T08:48:12","Situation":"flat","Type":"ask","Price":180.00000000,"Amount":1700.83925000,"Done":false},{"Time":"2019-04-08T08:53:12","Situation":"flat","Type":"ask","Price":180.00000000,"Amount":1705.83925000,"Done":false},{"Time":"2019-04-08T08:58:16","Situation":"flat","Type":"ask","Price":180.00000000,"Amount":1716.85846000,"Done":false},{"Time":"2019-04-08T09:03:17","Situation":"flat","Type":"ask","Price":180.00000000,"Amount":1719.33320000,"Done":false},{"Time":"2019-04-08T09:04:47","Situation":"trend","Type":"ask","Price":180.00000000,"Amount":1729.53319000,"Done":false},{"Time":"2019-04-08T09:09:47","Situation":"flat","Type":"ask","Price":180.00000000,"Amount":1709.37709000,"Done":false}],"OrderBookBids":[{"Time":"2019-04-01T00:01:57","Situation":"flat","Type":"bid","Price":140.50000000,"Amount":830.69065000,"Done":false},{"Time":"2019-04-01T00:07:00","Situation":"flat","Type":"bid","Price":140.50000000,"Amount":844.41220000,"Done":false},{"Time":"2019-04-01T00:12:05","Situation":"flat","Type":"bid","Price":140.50000000,"Amount":846.89770000,"Done":false},{"Time":"2019-04-01T00:17:06","Situation":"flat","Type":"bid","Price":140.50000000,"Amount":846.89770000,"Done":false},{"Time":"2019-04-01T00:22:07","Situation":"flat","Type":"bid","Price":140.50000000,"Amount":846.89770000,"Done":false},{"Time":"2019-04-01T00:25:33","Situation":"trend","Type":"bid","Price":140.50000000,"Amount":846.89770000,"Done":true},{"Time":"2019-04-01T00:26:21","Situation":"trend","Type":"bid","Price":140.50000000,"Amount":846.89770000,"Done":true},{"Time":"2019-04-01T01:05:26","Situation":"trend","Type":"bid","Price":142.09000000,"Amount":919.19924000,"Done":false},{"Time":"2019-04-01T15:51:22","Situation":"flat","Type":"bid","Price":140.00000000,"Amount":918.91001000,"Done":false},{"Time":"2019-04-01T17:31:57","Situation":"flat","Type":"bid","Price":140.00000000,"Amount":876.07132000,"Done":false},{"Time":"2019-04-01T17:37:03","Situation":"flat","Type":"bid","Price":140.00000000,"Amount":888.99872000,"Done":false},{"Time":"2019-04-01T17:42:05","Situation":"flat","Type":"bid","Price":140.00000000,"Amount":892.22551000,"Done":false},{"Time":"2019-04-01T17:47:09","Situation":"flat","Type":"bid","Price":140.00000000,"Amount":890.74376000,"Done":false},{"Time":"2019-04-01T17:52:12","Situation":"flat","Type":"bid","Price":140.00000000,"Amount":890.74376000,"Done":false},{"Time":"2019-04-01T17:57:16","Situation":"flat","Type":"bid","Price":140.00000000,"Amount":890.74376000,"Done":false},{"Time":"2019-04-01T18:02:18","Situation":"flat","Type":"bid","Price":140.00000000,"Amount":892.20863000,"Done":false},{"Time":"2019-04-01T18:07:18","Situation":"flat","Type":"bid","Price":140.00000000,"Amount":893.92447000,"Done":false},{"Time":"2019-04-01T18:12:21","Situation":"flat","Type":"bid","Price":140.00000000,"Amount":899.29051000,"Done":false},{"Time":"2019-04-01T18:17:21","Situation":"flat","Type":"bid","Price":140.00000000,"Amount":899.29051000,"Done":false},{"Time":"2019-04-01T18:22:22","Situation":"flat","Type":"bid","Price":140.00000000,"Amount":949.14075000,"Done":false},{"Time":"2019-04-01T18:27:24","Situation":"flat","Type":"bid","Price":140.00000000,"Amount":954.14075000,"Done":false},{"Time":"2019-04-01T18:32:26","Situation":"flat","Type":"bid","Price":140.00000000,"Amount":954.14075000,"Done":false},{"Time":"2019-04-01T18:37:30","Situation":"flat","Type":"bid","Price":140.00000000,"Amount":953.92040000,"Done":false},{"Time":"2019-04-01T18:42:30","Situation":"flat","Type":"bid","Price":140.00000000,"Amount":957.19278000,"Done":false},{"Time":"2019-04-01T18:47:30","Situation":"flat","Type":"bid","Price":140.00000000,"Amount":964.15028000,"Done":false},{"Time":"2019-04-01T18:52:32","Situation":"flat","Type":"bid","Price":140.00000000,"Amount":953.87761000,"Done":false},{"Time":"2019-04-01T18:57:33","Situation":"flat","Type":"bid","Price":140.00000000,"Amount":831.32093000,"Done":false},{"Time":"2019-04-01T19:02:37","Situation":"flat","Type":"bid","Price":140.00000000,"Amount":805.88580000,"Done":false},{"Time":"2019-04-01T19:24:42","Situation":"flat","Type":"bid","Price":140.00000000,"Amount":766.94441000,"Done":false},{"Time":"2019-04-01T19:29:46","Situation":"flat","Type":"bid","Price":140.00000000,"Amount":766.94441000,"Done":false},{"Time":"2019-04-01T19:29:46","Situation":"flat","Type":"bid","Price":140.00000000,"Amount":766.94441000,"Done":false},{"Time":"2019-04-01T19:34:48","Situation":"flat","Type":"bid","Price":140.00000000,"Amount":766.94441000,"Done":false},{"Time":"2019-04-01T19:34:48","Situation":"flat","Type":"bid","Price":140.00000000,"Amount":766.94441000,"Done":false},{"Time":"2019-04-01T19:39:52","Situation":"flat","Type":"bid","Price":140.00000000,"Amount":766.94441000,"Done":false},{"Time":"2019-04-01T19:39:52","Situation":"flat","Type":"bid","Price":140.00000000,"Amount":766.94441000,"Done":false},{"Time":"2019-04-01T19:44:55","Situation":"flat","Type":"bid","Price":140.00000000,"Amount":766.94441000,"Done":false},{"Time":"2019-04-01T19:44:56","Situation":"flat","Type":"bid","Price":140.00000000,"Amount":766.94441000,"Done":false},{"Time":"2019-04-01T19:49:58","Situation":"flat","Type":"bid","Price":140.00000000,"Amount":828.08724000,"Done":false},{"Time":"2019-04-01T19:50:01","Situation":"flat","Type":"bid","Price":140.00000000,"Amount":828.08724000,"Done":false},{"Time":"2019-04-01T19:53:36","Situation":"flat","Type":"bid","Price":140.00000000,"Amount":770.94441000,"Done":false},{"Time":"2019-04-01T19:55:00","Situation":"flat","Type":"bid","Price":140.00000000,"Amount":771.29962000,"Done":false},{"Time":"2019-04-01T19:55:19","Situation":"flat","Type":"bid","Price":140.00000000,"Amount":771.29962000,"Done":false},{"Time":"2019-04-01T19:58:39","Situation":"flat","Type":"bid","Price":140.00000000,"Amount":760.35492000,"Done":false},{"Time":"2019-04-01T20:00:16","Situation":"flat","Type":"bid","Price":140.00000000,"Amount":760.35492000,"Done":false},{"Time":"2019-04-01T20:00:21","Situation":"flat","Type":"bid","Price":140.00000000,"Amount":760.49309000,"Done":false},{"Time":"2019-04-01T20:03:41","Situation":"flat","Type":"bid","Price":140.00000000,"Amount":760.49309000,"Done":false},{"Time":"2019-04-01T20:18:48","Situation":"flat","Type":"bid","Price":140.00000000,"Amount":842.18629000,"Done":false},{"Time":"2019-04-01T20:20:31","Situation":"flat","Type":"bid","Price":140.00000000,"Amount":840.72142000,"Done":false},{"Time":"2019-04-01T20:20:37","Situation":"flat","Type":"bid","Price":140.00000000,"Amount":840.72142000,"Done":false},{"Time":"2019-04-02T04:32:44","Situation":"trend","Type":"bid","Price":142.26000000,"Amount":840.37162000,"Done":false},{"Time":"2019-04-02T04:48:04","Situation":"flat","Type":"bid","Price":144.58000000,"Amount":875.43139000,"Done":false},{"Time":"2019-04-02T04:50:15","Situation":"trend","Type":"bid","Price":144.58000000,"Amount":875.43139000,"Done":true},{"Time":"2019-04-02T04:51:10","Situation":"trend","Type":"bid","Price":144.58000000,"Amount":875.43139000,"Done":true},{"Time":"2019-04-02T04:52:14","Situation":"trend","Type":"bid","Price":146.86000000,"Amount":976.80715000,"Done":false},{"Time":"2019-04-02T04:52:14","Situation":"trend","Type":"bid","Price":144.58000000,"Amount":875.43139000,"Done":true},{"Time":"2019-04-02T04:53:54","Situation":"trend","Type":"bid","Price":144.58000000,"Amount":875.43139000,"Done":true},{"Time":"2019-04-02T05:01:50","Situation":"trend","Type":"bid","Price":145.65000000,"Amount":2162.04483000,"Done":false},{"Time":"2019-04-02T05:02:20","Situation":"trend","Type":"bid","Price":145.65000000,"Amount":2162.04483000,"Done":false},{"Time":"2019-04-02T05:03:00","Situation":"trend","Type":"bid","Price":145.65000000,"Amount":2162.04483000,"Done":false},{"Time":"2019-04-02T05:03:30","Situation":"trend","Type":"bid","Price":145.65000000,"Amount":2171.72300000,"Done":false},{"Time":"2019-04-02T05:04:30","Situation":"trend","Type":"bid","Price":145.65000000,"Amount":2171.72300000,"Done":false},{"Time":"2019-04-02T05:20:05","Situation":"trend","Type":"bid","Price":148.50000000,"Amount":1622.98762000,"Done":false},{"Time":"2019-04-02T05:47:30","Situation":"flat","Type":"bid","Price":146.60000000,"Amount":765.94028000,"Done":false},{"Time":"2019-04-02T05:47:30","Situation":"flat","Type":"bid","Price":146.00000000,"Amount":761.22342000,"Done":false},{"Time":"2019-04-02T05:47:55","Situation":"trend","Type":"bid","Price":146.60000000,"Amount":765.94028000,"Done":false},{"Time":"2019-04-02T05:47:55","Situation":"trend","Type":"bid","Price":146.00000000,"Amount":760.69567000,"Done":false},{"Time":"2019-04-02T05:49:35","Situation":"trend","Type":"bid","Price":146.60000000,"Amount":765.94028000,"Done":false},{"Time":"2019-04-02T05:49:35","Situation":"trend","Type":"bid","Price":146.00000000,"Amount":760.69567000,"Done":false},{"Time":"2019-04-02T05:50:25","Situation":"trend","Type":"bid","Price":146.00000000,"Amount":778.80181000,"Done":false},{"Time":"2019-04-02T05:50:25","Situation":"trend","Type":"bid","Price":146.60000000,"Amount":765.94028000,"Done":true},{"Time":"2019-04-02T05:51:29","Situation":"trend","Type":"bid","Price":146.60000000,"Amount":765.94028000,"Done":true},{"Time":"2019-04-02T05:51:29","Situation":"trend","Type":"bid","Price":146.00000000,"Amount":761.22342000,"Done":true},{"Time":"2019-04-02T05:53:43","Situation":"trend","Type":"bid","Price":146.60000000,"Amount":765.94028000,"Done":true},{"Time":"2019-04-02T05:53:43","Situation":"trend","Type":"bid","Price":146.00000000,"Amount":761.22342000,"Done":true},{"Time":"2019-04-02T06:01:30","Situation":"trend","Type":"bid","Price":145.00000000,"Amount":811.73790000,"Done":false},{"Time":"2019-04-02T06:17:19","Situation":"trend","Type":"bid","Price":145.00000000,"Amount":863.53674000,"Done":false},{"Time":"2019-04-02T06:17:44","Situation":"trend","Type":"bid","Price":145.00000000,"Amount":863.53674000,"Done":false},{"Time":"2019-04-02T06:23:00","Situation":"trend","Type":"bid","Price":145.00000000,"Amount":894.16231000,"Done":false},{"Time":"2019-04-02T06:42:56","Situation":"trend","Type":"bid","Price":148.70000000,"Amount":1783.70901000,"Done":false},{"Time":"2019-04-02T08:49:44","Situation":"flat","Type":"bid","Price":150.36000000,"Amount":939.03058000,"Done":false},{"Time":"2019-04-02T09:34:58","Situation":"flat","Type":"bid","Price":150.00000000,"Amount":2182.56985000,"Done":false},{"Time":"2019-04-02T09:40:40","Situation":"trend","Type":"bid","Price":150.00000000,"Amount":2182.56985000,"Done":true},{"Time":"2019-04-02T10:13:39","Situation":"flat","Type":"bid","Price":150.50000000,"Amount":762.80418000,"Done":false},{"Time":"2019-04-02T12:35:55","Situation":"trend","Type":"bid","Price":153.86000000,"Amount":910.96839000,"Done":false},{"Time":"2019-04-02T12:41:50","Situation":"trend","Type":"bid","Price":153.00000000,"Amount":1842.25021000,"Done":false},{"Time":"2019-04-02T12:45:31","Situation":"trend","Type":"bid","Price":153.00000000,"Amount":1851.53143000,"Done":false},{"Time":"2019-04-02T12:54:20","Situation":"trend","Type":"bid","Price":156.00000000,"Amount":824.84281000,"Done":false},{"Time":"2019-04-02T13:34:15","Situation":"trend","Type":"bid","Price":157.00000000,"Amount":965.87325000,"Done":false},{"Time":"2019-04-02T13:35:05","Situation":"trend","Type":"bid","Price":157.00000000,"Amount":965.87325000,"Done":false},{"Time":"2019-04-02T14:09:45","Situation":"trend","Type":"bid","Price":153.00000000,"Amount":1943.63251000,"Done":false},{"Time":"2019-04-02T14:10:15","Situation":"trend","Type":"bid","Price":153.00000000,"Amount":1592.72387000,"Done":false},{"Time":"2019-04-02T14:25:58","Situation":"trend","Type":"bid","Price":153.20000000,"Amount":1665.13278000,"Done":false},{"Time":"2019-04-02T14:31:03","Situation":"flat","Type":"bid","Price":153.20000000,"Amount":1665.13278000,"Done":false},{"Time":"2019-04-02T14:32:34","Situation":"trend","Type":"bid","Price":153.20000000,"Amount":1665.13278000,"Done":false},{"Time":"2019-04-02T14:37:34","Situation":"flat","Type":"bid","Price":153.20000000,"Amount":1661.93521000,"Done":false},{"Time":"2019-04-02T14:42:38","Situation":"flat","Type":"bid","Price":153.20000000,"Amount":1693.57229000,"Done":false},{"Time":"2019-04-02T15:07:24","Situation":"flat","Type":"bid","Price":153.20000000,"Amount":1610.93521000,"Done":false},{"Time":"2019-04-02T15:10:47","Situation":"trend","Type":"bid","Price":153.20000000,"Amount":1610.93521000,"Done":false},{"Time":"2019-04-02T15:15:49","Situation":"flat","Type":"bid","Price":153.20000000,"Amount":1660.93521000,"Done":false},{"Time":"2019-04-02T15:18:09","Situation":"trend","Type":"bid","Price":153.20000000,"Amount":1660.93521000,"Done":false},{"Time":"2019-04-02T15:23:10","Situation":"flat","Type":"bid","Price":153.20000000,"Amount":1660.93521000,"Done":false},{"Time":"2019-04-02T15:28:14","Situation":"flat","Type":"bid","Price":153.20000000,"Amount":1660.93521000,"Done":false},{"Time":"2019-04-02T15:43:20","Situation":"flat","Type":"bid","Price":153.20000000,"Amount":1610.93521000,"Done":false},{"Time":"2019-04-02T16:03:29","Situation":"flat","Type":"bid","Price":153.20000000,"Amount":1610.93521000,"Done":false},{"Time":"2019-04-02T16:03:34","Situation":"trend","Type":"bid","Price":153.20000000,"Amount":1610.93521000,"Done":false},{"Time":"2019-04-02T16:08:38","Situation":"flat","Type":"bid","Price":153.20000000,"Amount":1612.84415000,"Done":false},{"Time":"2019-04-02T16:09:59","Situation":"trend","Type":"bid","Price":153.20000000,"Amount":1612.84415000,"Done":false},{"Time":"2019-04-02T16:15:04","Situation":"flat","Type":"bid","Price":153.20000000,"Amount":1612.84415000,"Done":false},{"Time":"2019-04-02T16:18:24","Situation":"trend","Type":"bid","Price":154.05000000,"Amount":767.67094000,"Done":false},{"Time":"2019-04-02T16:18:24","Situation":"trend","Type":"bid","Price":153.20000000,"Amount":1623.05565000,"Done":false},{"Time":"2019-04-02T16:23:25","Situation":"flat","Type":"bid","Price":154.05000000,"Amount":767.67094000,"Done":false},{"Time":"2019-04-02T16:28:29","Situation":"flat","Type":"bid","Price":154.05000000,"Amount":767.67094000,"Done":false},{"Time":"2019-04-02T16:33:30","Situation":"flat","Type":"bid","Price":154.05000000,"Amount":767.67094000,"Done":false},{"Time":"2019-04-02T16:38:30","Situation":"flat","Type":"bid","Price":154.05000000,"Amount":767.67094000,"Done":false},{"Time":"2019-04-02T17:27:04","Situation":"trend","Type":"bid","Price":153.20000000,"Amount":1616.72023000,"Done":false},{"Time":"2019-04-02T23:10:59","Situation":"flat","Type":"bid","Price":161.29000000,"Amount":816.45743000,"Done":false},{"Time":"2019-04-02T23:12:00","Situation":"trend","Type":"bid","Price":161.29000000,"Amount":816.45743000,"Done":false},{"Time":"2019-04-02T23:14:15","Situation":"trend","Type":"bid","Price":161.29000000,"Amount":805.40757000,"Done":false},{"Time":"2019-04-02T23:16:20","Situation":"trend","Type":"bid","Price":161.29000000,"Amount":816.45743000,"Done":true},{"Time":"2019-04-03T00:36:13","Situation":"trend","Type":"bid","Price":166.00000000,"Amount":963.43230000,"Done":false},{"Time":"2019-04-03T02:21:54","Situation":"trend","Type":"bid","Price":168.99000000,"Amount":798.52720000,"Done":false},{"Time":"2019-04-03T02:35:45","Situation":"flat","Type":"bid","Price":169.76000000,"Amount":925.20419000,"Done":false},{"Time":"2019-04-03T02:40:20","Situation":"trend","Type":"bid","Price":169.76000000,"Amount":925.20419000,"Done":true},{"Time":"2019-04-03T02:42:21","Situation":"trend","Type":"bid","Price":169.76000000,"Amount":925.20419000,"Done":true},{"Time":"2019-04-03T02:43:22","Situation":"trend","Type":"bid","Price":171.43000000,"Amount":1349.68506000,"Done":false},{"Time":"2019-04-03T03:38:44","Situation":"flat","Type":"bid","Price":173.09000000,"Amount":1579.92778000,"Done":false},{"Time":"2019-04-03T03:43:35","Situation":"trend","Type":"bid","Price":173.09000000,"Amount":1579.92778000,"Done":true},{"Time":"2019-04-03T04:20:09","Situation":"trend","Type":"bid","Price":160.00000000,"Amount":1435.49159000,"Done":false},{"Time":"2019-04-03T04:50:19","Situation":"trend","Type":"bid","Price":161.00000000,"Amount":897.30911000,"Done":false},{"Time":"2019-04-03T04:51:54","Situation":"trend","Type":"bid","Price":161.31000000,"Amount":1462.74222000,"Done":false},{"Time":"2019-04-03T15:47:16","Situation":"trend","Type":"bid","Price":166.00000000,"Amount":763.48689000,"Done":false},{"Time":"2019-04-03T15:52:20","Situation":"flat","Type":"bid","Price":166.00000000,"Amount":764.48689000,"Done":false},{"Time":"2019-04-03T16:04:28","Situation":"trend","Type":"bid","Price":170.03000000,"Amount":761.48930000,"Done":false},{"Time":"2019-04-03T16:09:56","Situation":"trend","Type":"bid","Price":173.83000000,"Amount":1303.05938000,"Done":false},{"Time":"2019-04-03T16:29:36","Situation":"flat","Type":"bid","Price":171.00000000,"Amount":2054.82033000,"Done":false},{"Time":"2019-04-03T16:33:10","Situation":"trend","Type":"bid","Price":171.00000000,"Amount":2054.82033000,"Done":true},{"Time":"2019-04-03T16:34:36","Situation":"trend","Type":"bid","Price":171.00000000,"Amount":2054.82033000,"Done":true},{"Time":"2019-04-03T16:38:24","Situation":"trend","Type":"bid","Price":171.00000000,"Amount":2054.82033000,"Done":true},{"Time":"2019-04-03T16:50:20","Situation":"trend","Type":"bid","Price":172.00000000,"Amount":1043.24983000,"Done":false},{"Time":"2019-04-03T16:55:20","Situation":"flat","Type":"bid","Price":172.00000000,"Amount":1054.05116000,"Done":false},{"Time":"2019-04-03T16:57:40","Situation":"trend","Type":"bid","Price":172.00000000,"Amount":1064.68772000,"Done":false},{"Time":"2019-04-03T17:00:57","Situation":"trend","Type":"bid","Price":172.00000000,"Amount":1073.05361000,"Done":false},{"Time":"2019-04-03T17:14:15","Situation":"flat","Type":"bid","Price":172.00000000,"Amount":1087.97489000,"Done":false},{"Time":"2019-04-03T17:16:42","Situation":"trend","Type":"bid","Price":172.00000000,"Amount":1087.97489000,"Done":true},{"Time":"2019-04-03T17:17:35","Situation":"trend","Type":"bid","Price":170.00000000,"Amount":1130.53234000,"Done":false},{"Time":"2019-04-03T17:17:35","Situation":"trend","Type":"bid","Price":169.10000000,"Amount":1311.84036000,"Done":false},{"Time":"2019-04-03T17:17:35","Situation":"trend","Type":"bid","Price":169.00000000,"Amount":1210.64846000,"Done":false},{"Time":"2019-04-03T17:17:35","Situation":"trend","Type":"bid","Price":172.00000000,"Amount":1087.97489000,"Done":true},{"Time":"2019-04-03T17:18:32","Situation":"trend","Type":"bid","Price":170.00000000,"Amount":977.89937000,"Done":false},{"Time":"2019-04-03T17:18:32","Situation":"trend","Type":"bid","Price":169.10000000,"Amount":1300.87817000,"Done":false},{"Time":"2019-04-03T17:18:32","Situation":"trend","Type":"bid","Price":169.00000000,"Amount":1013.65743000,"Done":false},{"Time":"2019-04-03T17:18:32","Situation":"trend","Type":"bid","Price":172.00000000,"Amount":1087.97489000,"Done":true},{"Time":"2019-04-03T17:19:49","Situation":"trend","Type":"bid","Price":170.00000000,"Amount":965.50602000,"Done":false},{"Time":"2019-04-03T17:19:49","Situation":"trend","Type":"bid","Price":169.10000000,"Amount":1300.87817000,"Done":false},{"Time":"2019-04-03T17:19:49","Situation":"trend","Type":"bid","Price":169.00000000,"Amount":1044.10771000,"Done":false},{"Time":"2019-04-03T17:19:49","Situation":"trend","Type":"bid","Price":172.00000000,"Amount":1087.97489000,"Done":true},{"Time":"2019-04-03T17:23:05","Situation":"trend","Type":"bid","Price":170.00000000,"Amount":990.34532000,"Done":false},{"Time":"2019-04-03T17:28:05","Situation":"trend","Type":"bid","Price":171.00000000,"Amount":1690.06741000,"Done":false},{"Time":"2019-04-03T17:28:05","Situation":"trend","Type":"bid","Price":170.00000000,"Amount":1001.75056000,"Done":false},{"Time":"2019-04-03T17:30:27","Situation":"trend","Type":"bid","Price":171.00000000,"Amount":1694.46741000,"Done":false},{"Time":"2019-04-03T17:30:27","Situation":"trend","Type":"bid","Price":170.00000000,"Amount":1015.15241000,"Done":false},{"Time":"2019-04-03T17:30:27","Situation":"trend","Type":"bid","Price":169.00000000,"Amount":1017.49503000,"Done":false},{"Time":"2019-04-03T17:35:27","Situation":"flat","Type":"bid","Price":171.00000000,"Amount":1770.91159000,"Done":false},{"Time":"2019-04-03T17:35:27","Situation":"flat","Type":"bid","Price":170.00000000,"Amount":1086.84433000,"Done":false},{"Time":"2019-04-03T17:37:27","Situation":"trend","Type":"bid","Price":171.00000000,"Amount":1743.60290000,"Done":false}