{"OrderBookAsks":[{"Time":"2019-04-02T04:41:09","Situation":"trend","Type":"ask","Price":67.00000000,"Amount":2756.82252000,"Done":false},{"Time":"2019-04-02T04:41:39","Situation":"trend","Type":"ask","Price":67.00000000,"Amount":2751.82552000,"Done":false},{"Time":"2019-04-02T04:42:19","Situation":"trend","Type":"ask","Price":67.00000000,"Amount":2751.82552000,"Done":false},{"Time":"2019-04-02T04:42:54","Situation":"trend","Type":"ask","Price":67.00000000,"Amount":2751.82552000,"Done":false},{"Time":"2019-04-02T04:43:04","Situation":"trend","Type":"ask","Price":67.00000000,"Amount":2751.82552000,"Done":false},{"Time":"2019-04-02T04:50:24","Situation":"trend","Type":"ask","Price":67.00000000,"Amount":2754.84439000,"Done":false},{"Time":"2019-04-02T04:51:10","Situation":"trend","Type":"ask","Price":67.00000000,"Amount":2754.84439000,"Done":false},{"Time":"2019-04-02T04:52:30","Situation":"trend","Type":"ask","Price":67.00000000,"Amount":2754.84439000,"Done":false},{"Time":"2019-04-02T04:55:04","Situation":"trend","Type":"ask","Price":67.00000000,"Amount":2756.36854000,"Done":false},{"Time":"2019-04-02T04:55:52","Situation":"trend","Type":"ask","Price":67.00000000,"Amount":2756.36854000,"Done":false},{"Time":"2019-04-02T04:56:37","Situation":"trend","Type":"ask","Price":67.00000000,"Amount":2756.36854000,"Done":false},{"Time":"2019-04-02T04:57:48","Situation":"trend","Type":"ask","Price":67.00000000,"Amount":2758.34146000,"Done":false},{"Time":"2019-04-02T04:59:54","Situation":"trend","Type":"ask","Price":67.00000000,"Amount":2758.34146000,"Done":false},{"Time":"2019-04-02T05:00:25","Situation":"trend","Type":"ask","Price":67.00000000,"Amount":2758.34146000,"Done":false},{"Time":"2019-04-02T05:01:20","Situation":"trend","Type":"ask","Price":67.00000000,"Amount":2757.65789000,"Done":false},{"Time":"2019-04-02T05:02:19","Situation":"trend","Type":"ask","Price":67.00000000,"Amount":2756.97431000,"Done":false},{"Time":"2019-04-02T05:02:44","Situation":"trend","Type":"ask","Price":67.00000000,"Amount":2756.97431000,"Done":false},{"Time":"2019-04-02T05:03:04","Situation":"trend","Type":"ask","Price":67.00000000,"Amount":2756.97431000,"Done":false},{"Time":"2019-04-02T05:03:44","Situation":"trend","Type":"ask","Price":67.00000000,"Amount":2756.97431000,"Done":false},{"Time":"2019-04-02T05:04:09","Situation":"trend","Type":"ask","Price":67.00000000,"Amount":2756.97431000,"Done":false},{"Time":"2019-04-02T05:05:10","Situation":"trend","Type":"ask","Price":67.00000000,"Amount":2756.97431000,"Done":false},{"Time":"2019-04-02T05:05:25","Situation":"trend","Type":"ask","Price":67.00000000,"Amount":2756.97431000,"Done":false},{"Time":"2019-04-02T05:06:41","Situation":"trend","Type":"ask","Price":67.00000000,"Amount":2756.97431000,"Done":false},{"Time":"2019-04-02T05:07:37","Situation":"trend","Type":"ask","Price":67.00000000,"Amount":2756.97431000,"Done":false},{"Time":"2019-04-02T05:09:35","Situation":"trend","Type":"ask","Price":67.00000000,"Amount":2756.97431000,"Done":false},{"Time":"2019-04-02T05:13:15","Situation":"trend","Type":"ask","Price":64.50000000,"Amount":1848.98456000,"Done":false},{"Time":"2019-04-02T05:13:15","Situation":"trend","Type":"ask","Price":67.00000000,"Amount":2756.97431000,"Done":false},{"Time":"2019-04-02T05:14:45","Situation":"trend","Type":"ask","Price":64.50000000,"Amount":1848.98456000,"Done":false},{"Time":"2019-04-02T05:15:15","Situation":"trend","Type":"ask","Price":67.00000000,"Amount":2756.97431000,"Done":false},{"Time":"2019-04-02T05:17:05","Situation":"trend","Type":"ask","Price":67.00000000,"Amount":2756.97431000,"Done":false},{"Time":"2019-04-02T05:17:35","Situation":"trend","Type":"ask","Price":67.00000000,"Amount":2756.97431000,"Done":false},{"Time":"2019-04-03T21:28:39","Situation":"trend","Type":"ask","Price":97.00000000,"Amount":1851.68934000,"Done":false},{"Time":"2019-04-03T23:26:10","Situation":"trend","Type":"ask","Price":86.00000000,"Amount":2160.88957000,"Done":false},{"Time":"2019-04-03T23:26:30","Situation":"trend","Type":"ask","Price":86.00000000,"Amount":2160.88957000,"Done":false},{"Time":"2019-04-03T23:26:45","Situation":"trend","Type":"ask","Price":86.00000000,"Amount":2160.88957000,"Done":false},{"Time":"2019-04-03T23:27:10","Situation":"trend","Type":"ask","Price":86.00000000,"Amount":2160.88957000,"Done":false},{"Time":"2019-04-03T23:28:05","Situation":"trend","Type":"ask","Price":86.00000000,"Amount":2160.88957000,"Done":false},{"Time":"2019-04-03T23:28:35","Situation":"trend","Type":"ask","Price":86.00000000,"Amount":2160.88957000,"Done":false},{"Time":"2019-04-03T23:28:45","Situation":"trend","Type":"ask","Price":86.00000000,"Amount":2160.88957000,"Done":false},{"Time":"2019-04-03T23:29:20","Situation":"trend","Type":"ask","Price":86.00000000,"Amount":2160.88957000,"Done":false},{"Time":"2019-04-03T23:29:55","Situation":"trend","Type":"ask","Price":86.00000000,"Amount":2160.88957000,"Done":false},{"Time":"2019-04-03T23:30:20","Situation":"trend","Type":"ask","Price":86.00000000,"Amount":2160.88957000,"Done":false},{"Time":"2019-04-03T23:30:34","Situation":"trend","Type":"ask","Price":86.00000000,"Amount":2160.88957000,"Done":false},{"Time":"2019-04-03T23:30:48","Situation":"trend","Type":"ask","Price":86.00000000,"Amount":2160.88957000,"Done":false},{"Time":"2019-04-03T23:31:09","Situation":"trend","Type":"ask","Price":86.00000000,"Amount":2160.88957000,"Done":false},{"Time":"2019-04-03T23:31:24","Situation":"trend","Type":"ask","Price":86.00000000,"Amount":2160.88957000,"Done":false},{"Time":"2019-04-03T23:31:39","Situation":"trend","Type":"ask","Price":86.00000000,"Amount":2160.88957000,"Done":false},{"Time":"2019-04-03T23:31:59","Situation":"trend","Type":"ask","Price":86.00000000,"Amount":2160.88957000,"Done":false},{"Time":"2019-04-03T23:32:21","Situation":"trend","Type":"ask","Price":86.00000000,"Amount":2160.88957000,"Done":false},{"Time":"2019-04-03T23:32:55","Situation":"trend","Type":"ask","Price":86.00000000,"Amount":2160.88957000,"Done":false},{"Time":"2019-04-03T23:33:05","Situation":"trend","Type":"ask","Price":86.00000000,"Amount":2160.88957000,"Done":false},{"Time":"2019-04-03T23:33:20","Situation":"trend","Type":"ask","Price":86.00000000,"Amount":2160.88957000,"Done":false},{"Time":"2019-04-03T23:33:55","Situation":"trend","Type":"ask","Price":86.00000000,"Amount":2160.88957000,"Done":false},{"Time":"2019-04-03T23:34:30","Situation":"trend","Type":"ask","Price":86.00000000,"Amount":2160.88957000,"Done":false},{"Time":"2019-04-03T23:35:41","Situation":"trend","Type":"ask","Price":86.00000000,"Amount":2160.88957000,"Done":false},{"Time":"2019-04-03T23:36:04","Situation":"trend","Type":"ask","Price":86.00000000,"Amount":2160.88957000,"Done":false},{"Time":"2019-04-03T23:36:24","Situation":"trend","Type":"ask","Price":86.00000000,"Amount":2160.88957000,"Done":false},{"Time":"2019-04-03T23:37:04","Situation":"trend","Type":"ask","Price":86.00000000,"Amount":2160.88957000,"Done":false},{"Time":"2019-04-03T23:37:24","Situation":"trend","Type":"ask","Price":86.00000000,"Amount":2160.88957000,"Done":false},{"Time":"2019-04-03T23:38:10","Situation":"trend","Type":"ask","Price":86.00000000,"Amount":2161.43994000,"Done":false},{"Time":"2019-04-03T23:39:45","Situation":"trend","Type":"ask","Price":86.00000000,"Amount":2161.43994000,"Done":false},{"Time":"2019-04-03T23:40:44","Situation":"trend","Type":"ask","Price":86.00000000,"Amount":2161.43994000,"Done":false},{"Time":"2019-04-03T23:43:05","Situation":"trend","Type":"ask","Price":86.00000000,"Amount":2166.43994000,"Done":false},{"Time":"2019-04-03T23:43:35","Situation":"trend","Type":"ask","Price":86.00000000,"Amount":2166.43994000,"Done":false},{"Time":"2019-04-03T23:43:50","Situation":"trend","Type":"ask","Price":86.00000000,"Amount":2166.43994000,"Done":false},{"Time":"2019-04-03T23:44:35","Situation":"trend","Type":"ask","Price":86.00000000,"Amount":2189.43994000,"Done":false},{"Time":"2019-04-04T22:55:35","Situation":"trend","Type":"ask","Price":83.87000000,"Amount":2133.44375000,"Done":false},{"Time":"2019-04-05T00:37:39","Situation":"trend","Type":"ask","Price":86.31000000,"Amount":1920.16710000,"Done":false},{"Time":"2019-04-05T15:55:24","Situation":"flat","Type":"ask","Price":89.00000000,"Amount":2485.60896000,"Done":false},{"Time":"2019-04-05T16:00:28","Situation":"flat","Type":"ask","Price":89.00000000,"Amount":2485.13179000,"Done":false},{"Time":"2019-04-05T16:18:24","Situation":"trend","Type":"ask","Price":89.00000000,"Amount":2455.37677000,"Done":false},{"Time":"2019-04-05T16:23:24","Situation":"flat","Type":"ask","Price":89.00000000,"Amount":2455.37677000,"Done":false},{"Time":"2019-04-05T16:24:04","Situation":"trend","Type":"ask","Price":89.00000000,"Amount":2455.37677000,"Done":false},{"Time":"2019-04-05T16:25:29","Situation":"trend","Type":"ask","Price":89.00000000,"Amount":2456.37677000,"Done":false},{"Time":"2019-04-05T16:27:08","Situation":"trend","Type":"ask","Price":89.00000000,"Amount":2453.09977000,"Done":false},{"Time":"2019-04-05T16:32:09","Situation":"flat","Type":"ask","Price":89.00000000,"Amount":2455.18222000,"Done":false},{"Time":"2019-04-05T16:34:59","Situation":"trend","Type":"ask","Price":89.00000000,"Amount":2455.18222000,"Done":false},{"Time":"2019-04-05T16:40:03","Situation":"flat","Type":"ask","Price":89.00000000,"Amount":2455.39148000,"Done":false},{"Time":"2019-04-05T16:45:04","Situation":"flat","Type":"ask","Price":89.00000000,"Amount":2517.95045000,"Done":false},{"Time":"2019-04-05T16:50:04","Situation":"flat","Type":"ask","Price":89.00000000,"Amount":2516.95045000,"Done":false},{"Time":"2019-04-05T16:55:05","Situation":"flat","Type":"ask","Price":89.00000000,"Amount":2516.95045000,"Done":false},{"Time":"2019-04-05T17:00:06","Situation":"flat","Type":"ask","Price":89.00000000,"Amount":2516.95045000,"Done":false},{"Time":"2019-04-05T17:05:08","Situation":"flat","Type":"ask","Price":89.00000000,"Amount":2516.95045000,"Done":false},{"Time":"2019-04-05T17:06:28","Situation":"trend","Type":"ask","Price":89.00000000,"Amount":2516.95045000,"Done":false},{"Time":"2019-04-05T17:11:28","Situation":"flat","Type":"ask","Price":89.00000000,"Amount":2564.06896000,"Done":false},{"Time":"2019-04-05T17:11:38","Situation":"trend","Type":"ask","Price":89.00000000,"Amount":2564.06896000,"Done":false},{"Time":"2019-04-05T17:16:39","Situation":"flat","Type":"ask","Price":89.00000000,"Amount":2566.21257000,"Done":false},{"Time":"2019-04-05T17:21:39","Situation":"flat","Type":"ask","Price":89.00000000,"Amount":2583.49345000,"Done":false},{"Time":"2019-04-05T17:26:39","Situation":"flat","Type":"ask","Price":89.00000000,"Amount":2542.50494000,"Done":false},{"Time":"2019-04-05T17:31:40","Situation":"flat","Type":"ask","Price":89.00000000,"Amount":2802.50494000,"Done":false},{"Time":"2019-04-05T17:32:15","Situation":"trend","Type":"ask","Price":89.00000000,"Amount":2802.50494000,"Done":false},{"Time":"2019-04-05T17:37:16","Situation":"flat","Type":"ask","Price":89.00000000,"Amount":2795.47840000,"Done":false},{"Time":"2019-04-05T17:41:34","Situation":"trend","Type":"ask","Price":89.00000000,"Amount":2794.86752000,"Done":false},{"Time":"2019-04-05T17:46:35","Situation":"flat","Type":"ask","Price":89.00000000,"Amount":2794.86752000,"Done":false},{"Time":"2019-04-05T17:48:55","Situation":"trend","Type":"ask","Price":89.00000000,"Amount":2795.23724000,"Done":false},{"Time":"2019-04-05T17:53:55","Situation":"flat","Type":"ask","Price":89.00000000,"Amount":2795.23724000,"Done":false},{"Time":"2019-04-05T17:58:55","Situation":"flat","Type":"ask","Price":89.00000000,"Amount":2795.23724000,"Done":false},{"Time":"2019-04-05T18:03:59","Situation":"flat","Type":"ask","Price":89.00000000,"Amount":2796.23724000,"Done":false},{"Time":"2019-04-05T18:09:03","Situation":"flat","Type":"ask","Price":89.00000000,"Amount":2797.30617000,"Done":false},{"Time":"2019-04-05T18:14:04","Situation":"flat","Type":"ask","Price":89.00000000,"Amount":2797.30617000,"Done":false},{"Time":"2019-04-05T18:19:04","Situation":"flat","Type":"ask","Price":89.00000000,"Amount":2797.30617000,"Done":false},{"Time":"2019-04-05T18:24:05","Situation":"flat","Type":"ask","Price":89.00000000,"Amount":2797.30617000,"Done":false},{"Time":"2019-04-05T18:29:05","Situation":"flat","Type":"ask","Price":89.00000000,"Amount":2797.30617000,"Done":false},{"Time":"2019-04-05T18:34:09","Situation":"flat","Type":"ask","Price":89.00000000,"Amount":2797.30617000,"Done":false},{"Time":"2019-04-05T18:39:09","Situation":"flat","Type":"ask","Price":89.00000000,"Amount":2797.30617000,"Done":false},{"Time":"2019-04-05T18:44:10","Situation":"flat","Type":"ask","Price":89.00000000,"Amount":2795.30817000,"Done":false},{"Time":"2019-04-05T18:49:10","Situation":"flat","Type":"ask","Price":89.00000000,"Amount":2795.30817000,"Done":false},{"Time":"2019-04-05T18:54:13","Situation":"flat","Type":"ask","Price":89.00000000,"Amount":2795.30817000,"Done":false},{"Time":"2019-04-05T18:59:14","Situation":"flat","Type":"ask","Price":89.00000000,"Amount":2795.84891000,"Done":false},{"Time":"2019-04-05T19:04:14","Situation":"flat","Type":"ask","Price":89.00000000,"Amount":2819.41173000,"Done":false},{"Time":"2019-04-05T19:09:16","Situation":"flat","Type":"ask","Price":89.00000000,"Amount":2819.41173000,"Done":false},{"Time":"2019-04-05T19:14:19","Situation":"flat","Type":"ask","Price":89.00000000,"Amount":2829.40173000,"Done":false},{"Time":"2019-04-05T19:19:23","Situation":"flat","Type":"ask","Price":89.00000000,"Amount":2829.40173000,"Done":false},{"Time":"2019-04-05T19:24:24","Situation":"flat","Type":"ask","Price":89.00000000,"Amount":2829.40173000,"Done":false},{"Time":"2019-04-05T19:29:25","Situation":"flat","Type":"ask","Price":89.00000000,"Amount":2829.40173000,"Done":false},{"Time":"2019-04-05T19:34:25","Situation":"flat","Type":"ask","Price":89.00000000,"Amount":2829.40173000,"Done":false},{"Time":"2019-04-05T19:39:25","Situation":"flat","Type":"ask","Price":89.00000000,"Amount":2829.40173000,"Done":false},{"Time":"2019-04-05T19:44:25","Situation":"flat","Type":"ask","Price":89.00000000,"Amount":2829.40173000,"Done":false},{"Time":"2019-04-05T19:49:29","Situation":"flat","Type":"ask","Price":89.00000000,"Amount":2829.40173000,"Done":false},{"Time":"2019-04-05T19:54:32","Situation":"flat","Type":"ask","Price":89.00000000,"Amount":2829.40173000,"Done":false},{"Time":"2019-04-05T19:59:34","Situation":"flat","Type":"ask","Price":89.00000000,"Amount":2829.40173000,"Done":false},{"Time":"2019-04-05T20:04:35","Situation":"flat","Type":"ask","Price":89.00000000,"Amount":2829.40173000,"Done":false},{"Time":"2019-04-05T20:09:35","Situation":"flat","Type":"ask","Price":89.00000000,"Amount":2829.40173000,"Done":false},{"Time":"2019-04-05T20:14:35","Situation":"flat","Type":"ask","Price":89.00000000,"Amount":2829.67591000,"Done":false},{"Time":"2019-04-05T20:18:39","Situation":"trend","Type":"ask","Price":89.00000000,"Amount":2832.52778000,"Done":false},{"Time":"2019-04-05T20:21:19","Situation":"trend","Type":"ask","Price":89.00000000,"Amount":2826.39778000,"Done":false},{"Time":"2019-04-05T20:26:20","Situation":"flat","Type":"ask","Price":89.00000000,"Amount":2824.54591000,"Done":false},{"Time":"2019-04-05T20:31:20","Situation":"flat","Type":"ask","Price":89.00000000,"Amount":2824.54591000,"Done":false},{"Time":"2019-04-05T20:36:20","Situation":"flat","Type":"ask","Price":89.00000000,"Amount":2824.37647000,"Done":false},{"Time":"2019-04-05T20:41:21","Situation":"flat","Type":"ask","Price":89.00000000,"Amount":2824.37647000,"Done":false},{"Time":"2019-04-05T20:46:25","Situation":"flat","Type":"ask","Price":89.00000000,"Amount":2824.37647000,"Done":false},{"Time":"2019-04-05T20:51:29","Situation":"flat","Type":"ask","Price":89.00000000,"Amount":2824.37647000,"Done":false},{"Time":"2019-04-05T20:56:29","Situation":"flat","Type":"ask","Price":89.00000000,"Amount":2807.70647000,"Done":false},{"Time":"2019-04-05T21:01:29","Situation":"flat","Type":"ask","Price":89.00000000,"Amount":2806.95647000,"Done":false},{"Time":"2019-04-05T21:06:29","Situation":"flat","Type":"ask","Price":89.00000000,"Amount":2806.95647000,"Done":false},{"Time":"2019-04-05T21:11:29","Situation":"flat","Type":"ask","Price":89.00000000,"Amount":2806.95647000,"Done":false},{"Time":"2019-04-05T21:16:30","Situation":"flat","Type":"ask","Price":89.00000000,"Amount":2806.95647000,"Done":false},{"Time":"2019-04-05T21:21:33","Situation":"flat","Type":"ask","Price":89.00000000,"Amount":2806.95647000,"Done":false},{"Time":"2019-04-05T21:26:34","Situation":"flat","Type":"ask","Price":89.00000000,"Amount":2806.95647000,"Done":false},{"Time":"2019-04-05T21:31:36","Situation":"flat","Type":"ask","Price":89.00000000,"Amount":2806.95647000,"Done":false},{"Time":"2019-04-05T21:36:39","Situation":"flat","Type":"ask","Price":89.00000000,"Amount":2806.95647000,"Done":false},{"Time":"2019-04-05T21:41:39","Situation":"flat","Type":"ask","Price":89.00000000,"Amount":2806.95647000,"Done":false},{"Time":"2019-04-05T21:46:40","Situation":"flat","Type":"ask","Price":89.00000000,"Amount":2806.95647000,"Done":false},{"Time":"2019-04-05T21:51:40","Situation":"flat","Type":"ask","Price":89.00000000,"Amount":2813.08647000,"Done":false},{"Time":"2019-04-05T21:56:40","Situation":"flat","Type":"ask","Price":89.00000000,"Amount":2813.08647000,"Done":false},{"Time":"2019-04-05T22:01:40","Situation":"flat","Type":"ask","Price":89.00000000,"Amount":2813.08647000,"Done":false},{"Time":"2019-04-05T22:06:40","Situation":"flat","Type":"ask","Price":89.00000000,"Amount":2813.08647000,"Done":false},{"Time":"2019-04-05T22:07:00","Situation":"trend","Type":"ask","Price":89.00000000,"Amount":2813.08647000,"Done":false},{"Time":"2019-04-05T22:12:00","Situation":"flat","Type":"ask","Price":89.00000000,"Amount":2813.08647000,"Done":false},{"Time":"2019-04-05T22:17:02","Situation":"flat","Type":"ask","Price":89.00000000,"Amount":2813.08647000,"Done":false},{"Time":"2019-04-05T22:18:58","Situation":"trend","Type":"ask","Price":89.00000000,"Amount":2814.08647000,"Done":false},{"Time":"2019-04-05T22:24:00","Situation":"flat","Type":"ask","Price":89.00000000,"Amount":2851.23004000,"Done":false},{"Time":"2019-04-05T22:29:00","Situation":"flat","Type":"ask","Price":89.00000000,"Amount":2824.81052000,"Done":false},{"Time":"2019-04-05T22:34:00","Situation":"flat","Type":"ask","Price":89.00000000,"Amount":2804.02540000,"Done":false},{"Time":"2019-04-05T22:39:04","Situation":"flat","Type":"ask","Price":89.00000000,"Amount":2805.62319000,"Done":false},{"Time":"2019-04-05T22:44:05","Situation":"flat","Type":"ask","Price":89.00000000,"Amount":2805.62319000,"Done":false},{"Time":"2019-04-05T22:49:05","Situation":"flat","Type":"ask","Price":89.00000000,"Amount":2805.62319000,"Done":false},{"Time":"2019-04-05T22:54:09","Situation":"flat","Type":"ask","Price":89.00000000,"Amount":2805.62319000,"Done":false},{"Time":"2019-04-05T22:59:10","Situation":"flat","Type":"ask","Price":89.00000000,"Amount":2805.62319000,"Done":false},{"Time":"2019-04-05T23:04:10","Situation":"flat","Type":"ask","Price":89.00000000,"Amount":2742.78602000,"Done":false},{"Time":"2019-04-05T23:05:15","Situation":"trend","Type":"ask","Price":89.00000000,"Amount":2742.78602000,"Done":false},{"Time":"2019-04-05T23:10:15","Situation":"flat","Type":"ask","Price":89.00000000,"Amount":2742.18823000,"Done":false},{"Time":"2019-04-05T23:15:16","Situation":"flat","Type":"ask","Price":89.00000000,"Amount":2742.18823000,"Done":false},{"Time":"2019-04-05T23:20:19","Situation":"flat","Type":"ask","Price":89.00000000,"Amount":2742.18823000,"Done":false},{"Time":"2019-04-05T23:25:22","Situation":"flat","Type":"ask","Price":89.00000000,"Amount":2742.63274000,"Done":false},{"Time":"2019-04-05T23:30:24","Situation":"flat","Type":"ask","Price":89.00000000,"Amount":2742.99238000,"Done":false},{"Time":"2019-04-05T23:35:28","Situation":"flat","Type":"ask","Price":89.00000000,"Amount":2742.99238000,"Done":false},{"Time":"2019-04-05T23:40:29","Situation":"flat","Type":"ask","Price":89.00000000,"Amount":2742.99238000,"Done":false},{"Time":"2019-04-05T23:45:30","Situation":"flat","Type":"ask","Price":89.00000000,"Amount":2742.99238000,"Done":false},{"Time":"2019-04-05T23:48:30","Situation":"trend","Type":"ask","Price":89.00000000,"Amount":2742.99238000,"Done":false},{"Time":"2019-04-05T23:53:33","Situation":"flat","Type":"ask","Price":89.00000000,"Amount":2756.53555000,"Done":false},{"Time":"2019-04-05T23:58:36","Situation":"flat","Type":"ask","Price":89.00000000,"Amount":2757.03555000,"Done":false},{"Time":"2019-04-06T00:03:39","Situation":"flat","Type":"ask","Price":89.00000000,"Amount":2755.53555000,"Done":false},{"Time":"2019-04-06T00:08:42","Situation":"flat","Type":"ask","Price":89.00000000,"Amount":2755.53555000,"Done":false},{"Time":"2019-04-06T00:13:45","Situation":"flat","Type":"ask","Price":89.00000000,"Amount":2755.53555000,"Done":false},{"Time":"2019-04-06T00:18:46","Situation":"flat","Type":"ask","Price":89.00000000,"Amount":2759.64306000,"Done":false},{"Time":"2019-04-06T00:23:50","Situation":"flat","Type":"ask","Price":89.00000000,"Amount":2759.64306000,"Done":false},{"Time":"2019-04-06T00:28:50","Situation":"flat","Type":"ask","Price":89.00000000,"Amount":2759.64306000,"Done":false},{"Time":"2019-04-06T00:33:50","Situation":"flat","Type":"ask","Price":89.00000000,"Amount":2759.64306000,"Done":false},{"Time":"2019-04-06T00:38:53","Situation":"flat","Type":"ask","Price":89.00000000,"Amount":2761.49204000,"Done":false},{"Time":"2019-04-06T00:43:54","Situation":"flat","Type":"ask","Price":89.00000000,"Amount":2761.49204000,"Done":false},{"Time":"2019-04-06T00:48:55","Situation":"flat","Type":"ask","Price":89.00000000,"Amount":2761.49204000,"Done":false},{"Time":"2019-04-06T00:53:55","Situation":"flat","Type":"ask","Price":89.00000000,"Amount":2760.94837000,"Done":false},{"Time":"2019-04-06T00:58:58","Situation":"flat","Type":"ask","Price":89.00000000,"Amount":2760.94837000,"Done":false},{"Time":"2019-04-06T01:04:00","Situation":"flat","Type":"ask","Price":89.00000000,"Amount":2760.94837000,"Done":false},{"Time":"2019-04-06T01:07:55","Situation":"trend","Type":"ask","Price":89.00000000,"Amount":2760.94837000,"Done":false},{"Time":"2019-04-06T01:12:59","Situation":"flat","Type":"ask","Price":89.00000000,"Amount":2760.94837000,"Done":false},{"Time":"2019-04-06T01:17:59","Situation":"flat","Type":"ask","Price":89.00000000,"Amount":2748.90520000,"Done":false},{"Time":"2019-04-06T01:23:00","Situation":"flat","Type":"ask","Price":89.00000000,"Amount":2748.90520000,"Done":false},{"Time":"2019-04-06T01:28:04","Situation":"flat","Type":"ask","Price":89.00000000,"Amount":2748.90520000,"Done":false},{"Time":"2019-04-06T01:33:04","Situation":"trend","Type":"ask","Price":89.00000000,"Amount":2583.91365000,"Done":false},{"Time":"2019-04-06T01:38:08","Situation":"flat","Type":"ask","Price":89.00000000,"Amount":2583.91365000,"Done":false},{"Time":"2019-04-06T01:43:10","Situation":"flat","Type":"ask","Price":89.00000000,"Amount":2583.91365000,"Done":false},{"Time":"2019-04-06T01:48:13","Situation":"flat","Type":"ask","Price":89.00000000,"Amount":2583.91365000,"Done":false},{"Time":"2019-04-06T01:53:14","Situation":"flat","Type":"ask","Price":89.00000000,"Amount":2583.91365000,"Done":false},{"Time":"2019-04-06T01:58:15","Situation":"flat","Type":"ask","Price":89.00000000,"Amount":2583.91365000,"Done":false},{"Time":"2019-04-06T02:03:15","Situation":"flat","Type":"ask","Price":89.00000000,"Amount":2583.91365000,"Done":false},{"Time":"2019-04-06T02:08:18","Situation":"flat","Type":"ask","Price":89.00000000,"Amount":2593.75305000,"Done":false},{"Time":"2019-04-06T02:13:20","Situation":"flat","Type":"ask","Price":89.00000000,"Amount":2593.75305000,"Done":false},{"Time":"2019-04-06T02:18:22","Situation":"flat","Type":"ask","Price":89.00000000,"Amount":2593.75305000,"Done":false},{"Time":"2019-04-06T03:23:33","Situation":"flat","Type":"ask","Price":89.00000000,"Amount":2418.75305000,"Done":false},{"Time":"2019-04-06T03:24:18","Situation":"trend","Type":"ask","Price":89.00000000,"Amount":2418.75305000,"Done":false},{"Time":"2019-04-06T03:29:19","Situation":"flat","Type":"ask","Price":89.00000000,"Amount":2418.75305000,"Done":false},{"Time":"2019-04-06T03:34:19","Situation":"flat","Type":"ask","Price":89.00000000,"Amount":2418.75305000,"Done":false},{"Time":"2019-04-06T03:44:20","Situation":"flat","Type":"ask","Price":89.00000000,"Amount":2418.75305000,"Done":false},{"Time":"2019-04-06T03:49:20","Situation":"flat","Type":"ask","Price":89.00000000,"Amount":2418.75319000,"Done":false},{"Time":"2019-04-06T03:56:00","Situation":"trend","Type":"ask","Price":89.00000000,"Amount":2418.75319000,"Done":true},{"Time":"2019-04-06T04:26:09","Situation":"flat","Type":"ask","Price":89.00000000,"Amount":2418.75319000,"Done":false},{"Time":"2019-04-06T05:16:29","Situation":"flat","Type":"ask","Price":89.00000000,"Amount":2568.75825000,"Done":false},{"Time":"2019-04-06T05:21:33","Situation":"flat","Type":"ask","Price":89.00000000,"Amount":2568.75825000,"Done":false},{"Time":"2019-04-06T05:26:34","Situation":"flat","Type":"ask","Price":89.00000000,"Amount":2568.75825000,"Done":false},{"Time":"2019-04-06T05:31:35","Situation":"flat","Type":"ask","Price":89.00000000,"Amount":2462.78533000,"Done":false},{"Time":"2019-04-06T05:36:36","Situation":"flat","Type":"ask","Price":89.00000000,"Amount":2462.78533000,"Done":false},{"Time":"2019-04-06T12:18:56","Situation":"flat","Type":"ask","Price":89.00000000,"Amount":2499.04332000,"Done":false},{"Time":"2019-04-06T12:23:59","Situation":"flat","Type":"ask","Price":89.00000000,"Amount":2497.78680000,"Done":false},{"Time":"2019-04-06T12:28:59","Situation":"flat","Type":"ask","Price":89.00000000,"Amount":2498.28680000,"Done":false},{"Time":"2019-04-06T12:34:04","Situation":"flat","Type":"ask","Price":89.00000000,"Amount":2497.78680000,"Done":false},{"Time":"2019-04-06T12:39:05","Situation":"flat","Type":"ask","Price":89.00000000,"Amount":2497.78680000,"Done":false},{"Time":"2019-04-06T12:44:09","Situation":"flat","Type":"ask","Price":89.00000000,"Amount":2497.78680000,"Done":false},{"Time":"2019-04-06T12:45:44","Situation":"trend","Type":"ask","Price":89.00000000,"Amount":2497.78680000,"Done":false},{"Time":"2019-04-06T12:50:44","Situation":"flat","Type":"ask","Price":89.00000000,"Amount":2497.78680000,"Done":false},{"Time":"2019-04-06T12:55:46","Situation":"flat","Type":"ask","Price":89.00000000,"Amount":2495.78680000,"Done":false},{"Time":"2019-04-06T13:00:49","Situation":"flat","Type":"ask","Price":89.00000000,"Amount":2493.93782000,"Done":false},{"Time":"2019-04-06T13:05:50","Situation":"flat","Type":"ask","Price":89.00000000,"Amount":2324.10322000,"Done":false},{"Time":"2019-04-06T13:10:50","Situation":"flat","Type":"ask","Price":89.00000000,"Amount":2324.10322000,"Done":false},{"Time":"2019-04-06T13:15:54","Situation":"flat","Type":"ask","Price":89.00000000,"Amount":2524.10322000,"Done":false},{"Time":"2019-04-06T13:20:54","Situation":"flat","Type":"ask","Price":89.00000000,"Amount":2517.83291000,"Done":false},{"Time":"2019-04-06T13:24:39","Situation":"trend","Type":"ask","Price":89.00000000,"Amount":2511.70291000,"Done":false},{"Time":"2019-04-06T13:28:19","Situation":"trend","Type":"ask","Price":89.00000000,"Amount":2517.83291000,"Done":true},{"Time":"2019-04-06T15:00:35","Situation":"trend","Type":"ask","Price":96.00000000,"Amount":2430.63412000,"Done":false},{"Time":"2019-04-06T15:01:19","Situation":"trend","Type":"ask","Price":96.00000000,"Amount":2430.63412000,"Done":false},{"Time":"2019-04-06T15:39:31","Situation":"trend","Type":"ask","Price":92.02000000,"Amount":2342.16141000,"Done":false},{"Time":"2019-04-06T15:40:22","Situation":"trend","Type":"ask","Price":92.02000000,"Amount":2327.95612000,"Done":false},{"Time":"2019-04-06T15:43:48","Situation":"trend","Type":"ask","Price":96.00000000,"Amount":2646.55640000,"Done":false},{"Time":"2019-04-06T15:46:14","Situation":"trend","Type":"ask","Price":96.00000000,"Amount":2646.55640000,"Done":false},{"Time":"2019-04-06T15:47:14","Situation":"trend","Type":"ask","Price":96.00000000,"Amount":2668.09120000,"Done":false},{"Time":"2019-04-06T15:47:44","Situation":"trend","Type":"ask","Price":96.00000000,"Amount":2668.09120000,"Done":false},{"Time":"2019-04-06T15:48:15","Situation":"trend","Type":"ask","Price":96.00000000,"Amount":2763.59953000,"Done":false},{"Time":"2019-04-06T15:54:09","Situation":"trend","Type":"ask","Price":96.00000000,"Amount":2659.13756000,"Done":false},{"Time":"2019-04-06T15:54:39","Situation":"trend","Type":"ask","Price":96.00000000,"Amount":2659.13756000,"Done":false},{"Time":"2019-04-06T15:54:49","Situation":"trend","Type":"ask","Price":96.00000000,"Amount":2659.13756000,"Done":false},{"Time":"2019-04-06T15:55:19","Situation":"trend","Type":"ask","Price":96.00000000,"Amount":2846.54107000,"Done":false},{"Time":"2019-04-06T15:55:29","Situation":"trend","Type":"ask","Price":96.00000000,"Amount":2849.42220000,"Done":false},{"Time":"2019-04-06T15:55:39","Situation":"trend","Type":"ask","Price":96.00000000,"Amount":2849.42220000,"Done":false},{"Time":"2019-04-06T15:56:04","Situation":"trend","Type":"ask","Price":96.00000000,"Amount":2849.42220000,"Done":false},{"Time":"2019-04-06T15:57:29","Situation":"trend","Type":"ask","Price":96.00000000,"Amount":2684.56015000,"Done":false},{"Time":"2019-04-06T17:28:53","Situation":"trend","Type":"ask","Price":95.00000000,"Amount":5592.45203000,"Done":false},{"Time":"2019-04-06T22:00:34","Situation":"flat","Type":"ask","Price":93.50000000,"Amount":3057.46283000,"Done":false},{"Time":"2019-04-06T22:02:25","Situation":"trend","Type":"ask","Price":93.50000000,"Amount":3057.46283000,"Done":false},{"Time":"2019-04-06T22:04:38","Situation":"trend","Type":"ask","Price":93.50000000,"Amount":3057.46283000,"Done":false},{"Time":"2019-04-06T22:06:54","Situation":"trend","Type":"ask","Price":93.50000000,"Amount":3149.91903000,"Done":false},{"Time":"2019-04-06T22:11:55","Situation":"flat","Type":"ask","Price":93.50000000,"Amount":3149.91903000,"Done":false},{"Time":"2019-04-06T22:13:22","Situation":"trend","Type":"ask","Price":93.50000000,"Amount":3149.91903000,"Done":false},{"Time":"2019-04-06T22:17:09","Situation":"trend","Type":"ask","Price":93.50000000,"Amount":3149.91903000,"Done":false},{"Time":"2019-04-06T22:20:49","Situation":"trend","Type":"ask","Price":93.50000000,"Amount":3149.91903000,"Done":false},{"Time":"2019-04-07T01:23:53","Situation":"flat","Type":"ask","Price":92.75000000,"Amount":3092.41543000,"Done":false},{"Time":"2019-04-07T01:28:54","Situation":"flat","Type":"ask","Price":92.75000000,"Amount":3177.46280000,"Done":false},{"Time":"2019-04-07T01:28:54","Situation":"flat","Type":"ask","Price":94.00000000,"Amount":2202.94697000,"Done":false},{"Time":"2019-04-07T01:33:54","Situation":"flat","Type":"ask","Price":92.75000000,"Amount":3057.46283000,"Done":false},{"Time":"2019-04-07T01:33:54","Situation":"flat","Type":"ask","Price":94.00000000,"Amount":2202.94697000,"Done":false},{"Time":"2019-04-07T01:38:54","Situation":"flat","Type":"ask","Price":92.70000000,"Amount":1951.47045000,"Done":false},{"Time":"2019-04-07T01:38:54","Situation":"flat","Type":"ask","Price":92.75000000,"Amount":3057.46283000,"Done":false},{"Time":"2019-04-07T01:43:55","Situation":"flat","Type":"ask","Price":92.75000000,"Amount":3057.46283000,"Done":false},{"Time":"2019-04-07T01:48:55","Situation":"flat","Type":"ask","Price":91.95000000,"Amount":1784.01065000,"Done":false},{"Time":"2019-04-07T01:48:55","Situation":"flat","Type":"ask","Price":92.75000000,"Amount":3057.46283000,"Done":false},{"Time":"2019-04-07T01:53:59","Situation":"flat","Type":"ask","Price":91.83000000,"Amount":2006.32931000,"Done":false},{"Time":"2019-04-07T03:48:35","Situation":"flat","Type":"ask","Price":93.05000000,"Amount":2215.97989000,"Done":false},{"Time":"2019-04-07T05:27:06","Situation":"trend","Type":"ask","Price":97.00000000,"Amount":1800.21417000,"Done":false},{"Time":"2019-04-07T16:13:22","Situation":"trend","Type":"ask","Price":91.40000000,"Amount":1924.07821000,"Done":false},{"Time":"2019-04-07T16:17:36","Situation":"trend","Type":"ask","Price":90.40000000,"Amount":1924.07821000,"Done":false},{"Time":"2019-04-07T16:36:59","Situation":"flat","Type":"ask","Price":91.50000000,"Amount":1932.97867000,"Done":false},{"Time":"2019-04-07T16:47:06","Situation":"flat","Type":"ask","Price":91.45000000,"Amount":1924.07821000,"Done":false},{"Time":"2019-04-07T16:52:10","Situation":"flat","Type":"ask","Price":91.45000000,"Amount":1924.07821000,"Done":false},{"Time":"2019-04-07T16:53:31","Situation":"trend","Type":"ask","Price":91.45000000,"Amount":1924.07821000,"Done":false},{"Time":"2019-04-07T16:55:20","Situation":"trend","Type":"ask","Price":91.50000000,"Amount":1932.97867000,"Done":false},{"Time":"2019-04-07T16:55:20","Situation":"trend","Type":"ask","Price":91.45000000,"Amount":1924.07821000,"Done":true},{"Time":"2019-04-07T17:00:21","Situation":"flat","Type":"ask","Price":91.45000000,"Amount":1929.34821000,"Done":false},{"Time":"2019-04-07T17:03:56","Situation":"trend","Type":"ask","Price":91.45000000,"Amount":1924.07821000,"Done":false},{"Time":"2019-04-07T20:44:06","Situation":"flat","Type":"ask","Price":94.00000000,"Amount":2036.93450000,"Done":false},{"Time":"2019-04-07T20:44:16","Situation":"trend","Type":"ask","Price":94.00000000,"Amount":2036.93450000,"Done":false},{"Time":"2019-04-07T21:08:42","Situation":"trend","Type":"ask","Price":94.00000000,"Amount":2037.98465000,"Done":false},{"Time":"2019-04-07T21:13:46","Situation":"flat","Type":"ask","Price":94.00000000,"Amount":2037.98465000,"Done":false},{"Time":"2019-04-07T21:18:46","Situation":"flat","Type":"ask","Price":94.00000000,"Amount":2036.98465000,"Done":false},{"Time":"2019-04-07T21:23:48","Situation":"flat","Type":"ask","Price":94.00000000,"Amount":2037.98465000,"Done":false}],"OrderBookBids":[{"Time":"2019-04-02T05:37:09","Situation":"trend","Type":"bid","Price":64.10000000,"Amount":2171.85233000,"Done":false},{"Time":"2019-04-02T05:39:19","Situation":"trend","Type":"bid","Price":64.10000000,"Amount":2172.85233000,"Done":false},{"Time":"2019-04-02T05:42:14","Situation":"trend","Type":"bid","Price":64.10000000,"Amount":2172.85233000,"Done":false},{"Time":"2019-04-02T05:44:14","Situation":"trend","Type":"bid","Price":64.10000000,"Amount":2175.63236000,"Done":false},{"Time":"2019-04-02T05:48:05","Situation":"trend","Type":"bid","Price":64.10000000,"Amount":2264.77295000,"Done":false},{"Time":"2019-04-02T05:49:10","Situation":"trend","Type":"bid","Price":64.10000000,"Amount":2264.77295000,"Done":false},{"Time":"2019-04-02T05:50:45","Situation":"trend","Type":"bid","Price":64.10000000,"Amount":2282.67663000,"Done":false},{"Time":"2019-04-02T06:22:35","Situation":"trend","Type":"bid","Price":65.82000000,"Amount":5588.60445000,"Done":false},{"Time":"2019-04-02T06:23:21","Situation":"trend","Type":"bid","Price":66.07000000,"Amount":5567.45793000,"Done":false},{"Time":"2019-04-02T06:23:51","Situation":"trend","Type":"bid","Price":67.42000000,"Amount":3571.94592000,"Done":false},{"Time":"2019-04-02T06:23:51","Situation":"trend","Type":"bid","Price":67.00000000,"Amount":5515.60484000,"Done":false},{"Time":"2019-04-02T06:24:17","Situation":"trend","Type":"bid","Price":67.50000000,"Amount":5449.51030000,"Done":false},{"Time":"2019-04-03T00:36:37","Situation":"trend","Type":"bid","Price":78.50000000,"Amount":1930.08519000,"Done":false},{"Time":"2019-04-03T00:37:58","Situation":"trend","Type":"bid","Price":78.50000000,"Amount":1930.08519000,"Done":false},{"Time":"2019-04-03T16:54:45","Situation":"trend","Type":"bid","Price":93.00000000,"Amount":2276.25023000,"Done":false},{"Time":"2019-04-03T20:37:54","Situation":"trend","Type":"bid","Price":94.00000000,"Amount":2287.10737000,"Done":false},{"Time":"2019-04-03T22:42:39","Situation":"trend","Type":"bid","Price":86.01000000,"Amount":2121.16004000,"Done":false},{"Time":"2019-04-03T22:42:54","Situation":"trend","Type":"bid","Price":86.01000000,"Amount":1947.35122000,"Done":false},{"Time":"2019-04-04T01:23:47","Situation":"trend","Type":"bid","Price":87.80000000,"Amount":2174.78078000,"Done":false},{"Time":"2019-04-04T01:36:43","Situation":"trend","Type":"bid","Price":87.94000000,"Amount":2154.42326000,"Done":false},{"Time":"2019-04-04T01:38:04","Situation":"trend","Type":"bid","Price":87.94000000,"Amount":2154.42326000,"Done":false},{"Time":"2019-04-04T15:05:10","Situation":"flat","Type":"bid","Price":86.10000000,"Amount":4205.90516000,"Done":false},{"Time":"2019-04-04T15:30:15","Situation":"trend","Type":"bid","Price":81.10000000,"Amount":2271.58321000,"Done":false},{"Time":"2019-04-04T15:30:30","Situation":"trend","Type":"bid","Price":81.10000000,"Amount":2271.58321000,"Done":false},{"Time":"2019-04-04T15:31:00","Situation":"trend","Type":"bid","Price":81.10000000,"Amount":2271.58321000,"Done":false},{"Time":"2019-04-04T15:41:30","Situation":"trend","Type":"bid","Price":84.10000000,"Amount":2165.49743000,"Done":false},{"Time":"2019-04-04T15:45:43","Situation":"trend","Type":"bid","Price":84.10000000,"Amount":2165.49743000,"Done":false},{"Time":"2019-04-04T15:46:59","Situation":"trend","Type":"bid","Price":84.10000000,"Amount":2167.70981000,"Done":false},{"Time":"2019-04-04T15:48:20","Situation":"trend","Type":"bid","Price":84.10000000,"Amount":2167.70981000,"Done":false},{"Time":"2019-04-04T15:50:00","Situation":"trend","Type":"bid","Price":84.10000000,"Amount":2165.49743000,"Done":false},{"Time":"2019-04-04T15:55:03","Situation":"flat","Type":"bid","Price":84.10000000,"Amount":2165.49743000,"Done":false},{"Time":"2019-04-04T15:56:34","Situation":"trend","Type":"bid","Price":84.10000000,"Amount":2182.70865000,"Done":false},{"Time":"2019-04-04T16:00:39","Situation":"trend","Type":"bid","Price":84.10000000,"Amount":2165.49743000,"Done":false},{"Time":"2019-04-04T16:02:14","Situation":"trend","Type":"bid","Price":84.10000000,"Amount":2165.49743000,"Done":false},{"Time":"2019-04-04T16:03:34","Situation":"trend","Type":"bid","Price":84.10000000,"Amount":2165.49743000,"Done":false},{"Time":"2019-04-04T16:05:24","Situation":"trend","Type":"bid","Price":84.10000000,"Amount":2165.49743000,"Done":false},{"Time":"2019-04-04T16:08:30","Situation":"trend","Type":"bid","Price":84.10000000,"Amount":2183.15498000,"Done":false},{"Time":"2019-04-04T16:13:30","Situation":"flat","Type":"bid","Price":84.10000000,"Amount":2165.49743000,"Done":false},{"Time":"2019-04-04T16:15:12","Situation":"trend","Type":"bid","Price":84.10000000,"Amount":2165.49743000,"Done":false},{"Time":"2019-04-04T16:16:13","Situation":"trend","Type":"bid","Price":84.10000000,"Amount":2165.85294000,"Done":false},{"Time":"2019-04-04T16:17:03","Situation":"trend","Type":"bid","Price":84.10000000,"Amount":2456.65990000,"Done":false},{"Time":"2019-04-04T16:18:03","Situation":"trend","Type":"bid","Price":84.10000000,"Amount":2165.49743000,"Done":true},{"Time":"2019-04-04T16:18:33","Situation":"trend","Type":"bid","Price":84.10000000,"Amount":2165.49743000,"Done":true},{"Time":"2019-04-04T17:00:48","Situation":"trend","Type":"bid","Price":80.00000000,"Amount":7178.85525000,"Done":false},{"Time":"2019-04-04T17:41:20","Situation":"trend","Type":"bid","Price":80.00000000,"Amount":7114.15788000,"Done":false},{"Time":"2019-04-04T17:43:20","Situation":"trend","Type":"bid","Price":82.30000000,"Amount":1904.00966000,"Done":false},{"Time":"2019-04-04T17:44:15","Situation":"trend","Type":"bid","Price":82.30000000,"Amount":1843.09836000,"Done":false},{"Time":"2019-04-04T17:44:35","Situation":"trend","Type":"bid","Price":82.30000000,"Amount":1845.28766000,"Done":false},{"Time":"2019-04-04T17:45:15","Situation":"trend","Type":"bid","Price":82.30000000,"Amount":1879.09836000,"Done":false},{"Time":"2019-04-04T17:46:10","Situation":"trend","Type":"bid","Price":82.30000000,"Amount":1843.09836000,"Done":false},{"Time":"2019-04-04T17:47:45","Situation":"trend","Type":"bid","Price":82.30000000,"Amount":1843.09836000,"Done":false},{"Time":"2019-04-04T17:48:35","Situation":"trend","Type":"bid","Price":82.30000000,"Amount":1843.09836000,"Done":false},{"Time":"2019-04-04T17:54:35","Situation":"trend","Type":"bid","Price":82.30000000,"Amount":1843.09836000,"Done":false},{"Time":"2019-04-04T17:56:56","Situation":"trend","Type":"bid","Price":82.30000000,"Amount":1751.22881000,"Done":false},{"Time":"2019-04-05T11:07:55","Situation":"flat","Type":"bid","Price":87.35000000,"Amount":1795.40602000,"Done":false},{"Time":"2019-04-06T08:37:20","Situation":"trend","Type":"bid","Price":85.00000000,"Amount":2154.12693000,"Done":false},{"Time":"2019-04-06T08:39:15","Situation":"trend","Type":"bid","Price":85.00000000,"Amount":2166.86485000,"Done":false},{"Time":"2019-04-06T15:57:41","Situation":"trend","Type":"bid","Price":96.00000000,"Amount":18083.64897000,"Done":false},{"Time":"2019-04-06T16:01:04","Situation":"trend","Type":"bid","Price":96.00000000,"Amount":11473.35813000,"Done":false},{"Time":"2019-04-06T16:01:29","Situation":"trend","Type":"bid","Price":96.00000000,"Amount":11606.16688000,"Done":false},{"Time":"2019-04-06T16:20:15","Situation":"trend","Type":"bid","Price":96.00000000,"Amount":9897.65530000,"Done":false},{"Time":"2019-04-06T17:20:33","Situation":"trend","Type":"bid","Price":94.02000000,"Amount":5991.20805000,"Done":false},{"Time":"2019-04-06T20:43:14","Situation":"trend","Type":"bid","Price":91.00000000,"Amount":3145.92391000,"Done":false},{"Time":"2019-04-06T20:43:44","Situation":"trend","Type":"bid","Price":91.00000000,"Amount":3142.62721000,"Done":false},{"Time":"2019-04-06T20:45:19","Situation":"trend","Type":"bid","Price":91.00000000,"Amount":3167.68122000,"Done":false},{"Time":"2019-04-06T20:47:45","Situation":"trend","Type":"bid","Price":91.00000000,"Amount":3142.62721000,"Done":false},{"Time":"2019-04-06T20:48:25","Situation":"trend","Type":"bid","Price":91.00000000,"Amount":3142.62721000,"Done":false},{"Time":"2019-04-06T20:50:24","Situation":"trend","Type":"bid","Price":91.00000000,"Amount":3146.42667000,"Done":false},{"Time":"2019-04-06T20:55:25","Situation":"flat","Type":"bid","Price":91.00000000,"Amount":3144.74843000,"Done":false},{"Time":"2019-04-06T20:55:40","Situation":"trend","Type":"bid","Price":91.00000000,"Amount":3144.74843000,"Done":false},{"Time":"2019-04-06T20:57:15","Situation":"trend","Type":"bid","Price":91.00000000,"Amount":2667.44855000,"Done":false},{"Time":"2019-04-06T20:57:40","Situation":"trend","Type":"bid","Price":91.00000000,"Amount":2667.61022000,"Done":false},{"Time":"2019-04-06T20:58:51","Situation":"trend","Type":"bid","Price":91.00000000,"Amount":2713.48984000,"Done":false},{"Time":"2019-04-06T21:00:48","Situation":"trend","Type":"bid","Price":91.00000000,"Amount":2711.66560000,"Done":false},{"Time":"2019-04-06T21:02:29","Situation":"trend","Type":"bid","Price":91.00000000,"Amount":2728.36374000,"Done":false},{"Time":"2019-04-07T08:35:04","Situation":"flat","Type":"bid","Price":93.59000000,"Amount":3033.17722000,"Done":false},{"Time":"2019-04-07T08:36:04","Situation":"trend","Type":"bid","Price":93.59000000,"Amount":3023.17722000,"Done":false},{"Time":"2019-04-07T08:56:45","Situation":"trend","Type":"bid","Price":94.31000000,"Amount":1954.86720000,"Done":false},{"Time":"2019-04-07T15:06:12","Situation":"trend","Type":"bid","Price":90.40000000,"Amount":1913.56059000,"Done":false},{"Time":"2019-04-07T15:10:10","Situation":"trend","Type":"bid","Price":90.40000000,"Amount":1913.56059000,"Done":false},{"Time":"2019-04-07T15:20:10","Situation":"flat","Type":"bid","Price":90.40000000,"Amount":1913.56059000,"Done":false},{"Time":"2019-04-07T15:21:36","Situation":"trend","Type":"bid","Price":90.40000000,"Amount":1913.56059000,"Done":false},{"Time":"2019-04-07T15:26:40","Situation":"flat","Type":"bid","Price":90.40000000,"Amount":1913.56059000,"Done":false},{"Time":"2019-04-07T15:29:06","Situation":"trend","Type":"bid","Price":90.40000000,"Amount":1913.56059000,"Done":false},{"Time":"2019-04-07T15:29:45","Situation":"trend","Type":"bid","Price":90.40000000,"Amount":2005.76926000,"Done":false},{"Time":"2019-04-07T15:30:22","Situation":"trend","Type":"bid","Price":90.40000000,"Amount":1913.56059000,"Done":true},{"Time":"2019-04-07T15:31:20","Situation":"trend","Type":"bid","Price":90.40000000,"Amount":1913.56059000,"Done":true},{"Time":"2019-04-07T15:32:06","Situation":"trend","Type":"bid","Price":90.40000000,"Amount":1913.56059000,"Done":true},{"Time":"2019-04-07T15:50:07","Situation":"flat","Type":"bid","Price":90.25000000,"Amount":1924.31484000,"Done":false},{"Time":"2019-04-07T15:55:11","Situation":"flat","Type":"bid","Price":90.25000000,"Amount":1924.79530000,"Done":false},{"Time":"2019-04-07T15:55:46","Situation":"trend","Type":"bid","Price":90.25000000,"Amount":1924.31484000,"Done":false},{"Time":"2019-04-07T16:00:49","Situation":"flat","Type":"bid","Price":90.25000000,"Amount":1924.31484000,"Done":false},{"Time":"2019-04-07T16:00:54","Situation":"trend","Type":"bid","Price":90.25000000,"Amount":1924.31484000,"Done":false},{"Time":"2019-04-07T16:03:12","Situation":"trend","Type":"bid","Price":90.25000000,"Amount":1924.31484000,"Done":false},{"Time":"2019-04-07T16:05:22","Situation":"trend","Type":"bid","Price":90.25000000,"Amount":1924.31484000,"Done":false},{"Time":"2019-04-07T16:07:12","Situation":"trend","Type":"bid","Price":90.25000000,"Amount":1924.31484000,"Done":true},{"Time":"2019-04-07T17:14:04","Situation":"flat","Type":"bid","Price":90.00000000,"Amount":1957.68784000,"Done":false},{"Time":"2019-04-07T18:14:29","Situation":"flat","Type":"bid","Price":90.00000000,"Amount":1843.68346000,"Done":false},{"Time":"2019-04-07T18:19:30","Situation":"flat","Type":"bid","Price":90.00000000,"Amount":1824.57123000,"Done":false},{"Time":"2019-04-07T18:24:34","Situation":"flat","Type":"bid","Price":90.00000000,"Amount":1823.81550000,"Done":false},{"Time":"2019-04-07T18:29:34","Situation":"flat","Type":"bid","Price":90.00000000,"Amount":1823.81550000,"Done":false},{"Time":"2019-04-07T18:34:34","Situation":"flat","Type":"bid","Price":90.00000000,"Amount":1823.81550000,"Done":false},{"Time":"2019-04-07T18:39:36","Situation":"flat","Type":"bid","Price":90.00000000,"Amount":1823.81550000,"Done":false},{"Time":"2019-04-07T18:44:36","Situation":"flat","Type":"bid","Price":90.00000000,"Amount":1823.81550000,"Done":false},{"Time":"2019-04-07T18:49:37","Situation":"flat","Type":"bid","Price":90.00000000,"Amount":1826.37105000,"Done":false},{"Time":"2019-04-07T18:54:39","Situation":"flat","Type":"bid","Price":90.00000000,"Amount":1826.37105000,"Done":false},{"Time":"2019-04-07T18:59:41","Situation":"flat","Type":"bid","Price":90.00000000,"Amount":1826.37105000,"Done":false},{"Time":"2019-04-07T19:04:45","Situation":"flat","Type":"bid","Price":90.00000000,"Amount":1826.87105000,"Done":false},{"Time":"2019-04-07T19:09:45","Situation":"flat","Type":"bid","Price":90.00000000,"Amount":1826.87105000,"Done":false},{"Time":"2019-04-07T19:14:46","Situation":"flat","Type":"bid","Price":90.00000000,"Amount":1826.87105000,"Done":false},{"Time":"2019-04-07T19:39:56","Situation":"flat","Type":"bid","Price":90.00000000,"Amount":2634.63017000,"Done":false},{"Time":"2019-04-07T19:50:04","Situation":"flat","Type":"bid","Price":90.00000000,"Amount":2659.01433000,"Done":false},{"Time":"2019-04-07T19:55:07","Situation":"flat","Type":"bid","Price":90.00000000,"Amount":2669.05131000,"Done":false},{"Time":"2019-04-07T20:00:10","Situation":"flat","Type":"bid","Price":90.00000000,"Amount":2672.05131000,"Done":false},{"Time":"2019-04-07T20:02:15","Situation":"trend","Type":"bid","Price":90.00000000,"Amount":2852.38677000,"Done":false},{"Time":"2019-04-07T20:04:10","Situation":"trend","Type":"bid","Price":90.00000000,"Amount":2827.62009000,"Done":false},{"Time":"2019-04-07T20:06:30","Situation":"trend","Type":"bid","Price":90.00000000,"Amount":2672.05131000,"Done":true},{"Time":"2019-04-08T05:44:21","Situation":"flat","Type":"bid","Price":89.00000000,"Amount":1759.01550000,"Done":false},{"Time":"2019-04-08T05:49:21","Situation":"flat","Type":"bid","Price":89.00000000,"Amount":1759.01550000,"Done":false}],"TradeHistory":[{"Time":"2019-04-01T00:21:45","Situation":"flat","Id":"15033419","Type":"market","Side":"sell","OrderTime":"2019-04-01T00:19:29","Price":60.35000000,"Amount":113.62268000},{"Time":"2019-04-01T00:25:18","Situation":"trend","Id":"15033488","Type":"market","Side":"sell","OrderTime":"2019-04-01T00:24:28","Price":60.17000000,"Amount":110.49685000},{"Time":"2019-04-01T00:31:55","Situation":"flat","Id":"15033931","Type":"market","Side":"sell","OrderTime":"2019-04-01T00:27:21","Price":60.50000000,"Amount":116.25821000},{"Time":"2019-04-01T00:42:06","Situation":"flat","Id":"15034445","Type":"market","Side":"sell","OrderTime":"2019-04-01T00:38:43","Price":60.38000000,"Amount":119.08800000},{"Time":"2019-04-01T00:47:07","Situation":"flat","Id":"15034638","Type":"market","Side":"sell","OrderTime":"2019-04-01T00:43:59","Price":60.56000000,"Amount":170.00000000},{"Time":"2019-04-01T00:47:07","Situation":"flat","Id":"15034641","Type":"market","Side":"sell","OrderTime":"2019-04-01T00:43:59","Price":60.56000000,"Amount":130.00000000},{"Time":"2019-04-01T01:12:05","Situation":"flat","Id":"15035252","Type":"market","Side":"buy","OrderTime":"2019-04-01T01:07:56","Price":60.80000000,"Amount":201.29306000},{"Time":"2019-04-01T01:12:05","Situation":"flat","Id":"15035296","Type":"market","Side":"buy","OrderTime":"2019-04-01T01:08:20","Price":60.80000000,"Amount":143.65547000},{"Time":"2019-04-01T01:22:11","Situation":"flat","Id":"15035743","Type":"market","Side":"buy","OrderTime":"2019-04-01T01:20:09","Price":60.88000000,"Amount":107.77644000},{"Time":"2019-04-01T01:22:11","Situation":"flat","Id":"15035809","Type":"market","Side":"sell","OrderTime":"2019-04-01T01:21:31","Price":60.77000000,"Amount":131.52800000},{"Time":"2019-04-01T01:52:23","Situation":"flat","Id":"15036259","Type":"market","Side":"buy","OrderTime":"2019-04-01T01:51:49","Price":60.65000000,"Amount":161.72900000},{"Time":"2019-04-01T01:57:25","Situation":"flat","Id":"15036291","Type":"market","Side":"sell","OrderTime":"2019-04-01T01:54:37","Price":60.52000000,"Amount":116.99273000},{"Time":"2019-04-01T02:27:30","Situation":"flat","Id":"15036728","Type":"market","Side":"sell","OrderTime":"2019-04-01T02:26:15","Price":60.74000000,"Amount":194.14600000},{"Time":"2019-04-01T03:32:52","Situation":"flat","Id":"15037695","Type":"market","Side":"buy","OrderTime":"2019-04-01T03:28:21","Price":60.75000000,"Amount":174.70200000},{"Time":"2019-04-01T03:48:00","Situation":"flat","Id":"15037968","Type":"market","Side":"sell","OrderTime":"2019-04-01T03:47:12","Price":60.64000000,"Amount":113.13500000},{"Time":"2019-04-01T03:48:00","Situation":"flat","Id":"15037969","Type":"market","Side":"sell","OrderTime":"2019-04-01T03:47:13","Price":60.63000000,"Amount":107.76600000},{"Time":"2019-04-01T05:58:56","Situation":"flat","Id":"15039302","Type":"market","Side":"buy","OrderTime":"2019-04-01T05:57:36","Price":60.50000000,"Amount":150.00000000},{"Time":"2019-04-01T05:58:56","Situation":"flat","Id":"15039321","Type":"market","Side":"sell","OrderTime":"2019-04-01T05:58:16","Price":60.44000000,"Amount":161.74929000},{"Time":"2019-04-01T05:58:56","Situation":"flat","Id":"15039324","Type":"market","Side":"sell","OrderTime":"2019-04-01T05:58:16","Price":60.41000000,"Amount":147.47603000},{"Time":"2019-04-01T06:04:00","Situation":"flat","Id":"15039377","Type":"market","Side":"buy","OrderTime":"2019-04-01T05:59:39","Price":60.50000000,"Amount":144.71499000},{"Time":"2019-04-01T06:24:15","Situation":"flat","Id":"15039621","Type":"market","Side":"buy","OrderTime":"2019-04-01T06:19:19","Price":60.61000000,"Amount":139.78770000},{"Time":"2019-04-01T09:00:16","Situation":"flat","Id":"15041306","Type":"market","Side":"buy","OrderTime":"2019-04-01T08:57:49","Price":60.65000000,"Amount":134.18425000},{"Time":"2019-04-01T09:15:17","Situation":"flat","Id":"15041403","Type":"market","Side":"sell","OrderTime":"2019-04-01T09:12:10","Price":60.54000000,"Amount":228.54000000},{"Time":"2019-04-01T09:20:18","Situation":"flat","Id":"15041433","Type":"market","Side":"buy","OrderTime":"2019-04-01T09:17:18","Price":60.55000000,"Amount":132.36100000},{"Time":"2019-04-01T09:25:19","Situation":"flat","Id":"15041470","Type":"market","Side":"sell","OrderTime":"2019-04-01T09:21:03","Price":60.57000000,"Amount":130.17290000},{"Time":"2019-04-01T09:45:25","Situation":"flat","Id":"15041616","Type":"market","Side":"sell","OrderTime":"2019-04-01T09:42:22","Price":60.42000000,"Amount":146.81811000},{"Time":"2019-04-01T09:50:27","Situation":"flat","Id":"15041701","Type":"market","Side":"buy","OrderTime":"2019-04-01T09:50:27","Price":60.45000000,"Amount":157.38400000},{"Time":"2019-04-01T09:55:30","Situation":"flat","Id":"15041707","Type":"market","Side":"buy","OrderTime":"2019-04-01T09:50:29","Price":60.45000000,"Amount":198.99143000},{"Time":"2019-04-01T10:00:33","Situation":"flat","Id":"15041805","Type":"market","Side":"buy","OrderTime":"2019-04-01T09:57:23","Price":60.49000000,"Amount":108.48900000},{"Time":"2019-04-01T10:50:56","Situation":"flat","Id":"15042252","Type":"market","Side":"buy","OrderTime":"2019-04-01T10:50:43","Price":60.40000000,"Amount":247.08900000},{"Time":"2019-04-01T11:00:58","Situation":"flat","Id":"15042300","Type":"market","Side":"sell","OrderTime":"2019-04-01T10:56:40","Price":60.35000000,"Amount":145.17577000},{"Time":"2019-04-01T11:06:06","Situation":"flat","Id":"15042358","Type":"market","Side":"buy","OrderTime":"2019-04-01T11:02:15","Price":60.40000000,"Amount":111.85100000},{"Time":"2019-04-01T11:06:06","Situation":"flat","Id":"15042360","Type":"market","Side":"buy","OrderTime":"2019-04-01T11:02:19","Price":60.42000000,"Amount":138.14900000},{"Time":"2019-04-01T11:11:08","Situation":"flat","Id":"15042411","Type":"market","Side":"sell","OrderTime":"2019-04-01T11:08:43","Price":60.40000000,"Amount":102.57200000},{"Time":"2019-04-01T11:11:08","Situation":"flat","Id":"15042442","Type":"market","Side":"buy","OrderTime":"2019-04-01T11:09:27","Price":60.47000000,"Amount":129.30259000},{"Time":"2019-04-01T11:16:10","Situation":"flat","Id":"15042505","Type":"market","Side":"buy","OrderTime":"2019-04-01T11:11:17","Price":60.40000000,"Amount":118.04446000},{"Time":"2019-04-01T11:26:12","Situation":"flat","Id":"15042687","Type":"market","Side":"buy","OrderTime":"2019-04-01T11:22:25","Price":60.42000000,"Amount":149.71300000},{"Time":"2019-04-01T11:41:21","Situation":"flat","Id":"15042948","Type":"market","Side":"buy","OrderTime":"2019-04-01T11:40:17","Price":60.45000000,"Amount":213.29060000},{"Time":"2019-04-01T12:01:31","Situation":"flat","Id":"15043027","Type":"market","Side":"sell","OrderTime":"2019-04-01T11:56:53","Price":60.50000000,"Amount":122.85012000},{"Time":"2019-04-01T12:06:32","Situation":"flat","Id":"15043100","Type":"market","Side":"buy","OrderTime":"2019-04-01T12:02:56","Price":60.47000000,"Amount":127.31195000},{"Time":"2019-04-01T12:06:32","Situation":"flat","Id":"15043113","Type":"market","Side":"buy","OrderTime":"2019-04-01T12:03:20","Price":60.45000000,"Amount":223.44038000},{"Time":"2019-04-01T12:06:32","Situation":"flat","Id":"15043167","Type":"market","Side":"buy","OrderTime":"2019-04-01T12:05:01","Price":60.48000000,"Amount":109.69700000},{"Time":"2019-04-01T12:06:32","Situation":"flat","Id":"15043182","Type":"market","Side":"buy","OrderTime":"2019-04-01T12:06:14","Price":60.50000000,"Amount":109.48300000},{"Time":"2019-04-01T12:06:32","Situation":"flat","Id":"15043186","Type":"market","Side":"buy","OrderTime":"2019-04-01T12:06:32","Price":60.50000000,"Amount":112.49239000},{"Time":"2019-04-01T12:06:32","Situation":"flat","Id":"15043187","Type":"market","Side":"buy","OrderTime":"2019-04-01T12:06:32","Price":60.51000000,"Amount":181.72392000},{"Time":"2019-04-01T12:06:32","Situation":"flat","Id":"15043190","Type":"market","Side":"buy","OrderTime":"2019-04-01T12:06:32","Price":60.54000000,"Amount":145.37467000},{"Time":"2019-04-01T12:36:47","Situation":"flat","Id":"15043483","Type":"market","Side":"sell","OrderTime":"2019-04-01T12:33:46","Price":60.48000000,"Amount":100.94300000},{"Time":"2019-04-01T12:36:47","Situation":"flat","Id":"15043522","Type":"market","Side":"sell","OrderTime":"2019-04-01T12:35:53","Price":60.61000000,"Amount":210.00000000},{"Time":"2019-04-01T12:41:47","Situation":"flat","Id":"15043601","Type":"market","Side":"buy","OrderTime":"2019-04-01T12:38:12","Price":60.67000000,"Amount":102.09277000},{"Time":"2019-04-01T12:41:47","Situation":"flat","Id":"15043606","Type":"market","Side":"sell","OrderTime":"2019-04-01T12:38:12","Price":60.67000000,"Amount":138.53593000},{"Time":"2019-04-01T14:17:36","Situation":"flat","Id":"15044847","Type":"market","Side":"sell","OrderTime":"2019-04-01T14:15:55","Price":60.50000000,"Amount":155.21810000},{"Time":"2019-04-01T14:37:41","Situation":"flat","Id":"15045032","Type":"market","Side":"buy","OrderTime":"2019-04-01T14:33:40","Price":60.65000000,"Amount":106.39700000},{"Time":"2019-04-01T14:47:42","Situation":"flat","Id":"15045293","Type":"market","Side":"sell","OrderTime":"2019-04-01T14:46:16","Price":60.51000000,"Amount":107.85527000},{"Time":"2019-04-01T15:07:51","Situation":"flat","Id":"15045696","Type":"market","Side":"sell","OrderTime":"2019-04-01T15:04:35","Price":60.35000000,"Amount":105.98600000},{"Time":"2019-04-01T15:12:53","Situation":"flat","Id":"15045812","Type":"market","Side":"buy","OrderTime":"2019-04-01T15:11:23","Price":60.39000000,"Amount":187.68700000},{"Time":"2019-04-01T15:33:08","Situation":"flat","Id":"15046009","Type":"market","Side":"sell","OrderTime":"2019-04-01T15:32:18","Price":60.40000000,"Amount":100.00000000},{"Time":"2019-04-01T15:43:15","Situation":"flat","Id":"15046088","Type":"market","Side":"sell","OrderTime":"2019-04-01T15:38:52","Price":60.28000000,"Amount":102.54594000},{"Time":"2019-04-01T15:43:15","Situation":"flat","Id":"15046089","Type":"market","Side":"sell","OrderTime":"2019-04-01T15:38:52","Price":60.27000000,"Amount":101.61672000},{"Time":"2019-04-01T15:43:15","Situation":"flat","Id":"15046090","Type":"market","Side":"sell","OrderTime":"2019-04-01T15:38:52","Price":60.26000000,"Amount":118.80608000},{"Time":"2019-04-01T15:43:15","Situation":"flat","Id":"15046091","Type":"market","Side":"sell","OrderTime":"2019-04-01T15:38:52","Price":60.25000000,"Amount":180.25428000},{"Time":"2019-04-01T15:43:15","Situation":"flat","Id":"15046107","Type":"market","Side":"sell","OrderTime":"2019-04-01T15:38:52","Price":60.09000000,"Amount":759.45367000},{"Time":"2019-04-01T15:43:15","Situation":"flat","Id":"15046110","Type":"market","Side":"sell","OrderTime":"2019-04-01T15:38:52","Price":60.05000000,"Amount":156.03244000},{"Time":"2019-04-01T15:43:15","Situation":"flat","Id":"15046114","Type":"market","Side":"sell","OrderTime":"2019-04-01T15:38:52","Price":60.01000000,"Amount":403.82517000},{"Time":"2019-04-01T15:43:15","Situation":"flat","Id":"15046115","Type":"market","Side":"sell","OrderTime":"2019-04-01T15:38:52","Price":60.00000000,"Amount":996.37767000},{"Time":"2019-04-01T15:43:15","Situation":"flat","Id":"15046139","Type":"market","Side":"sell","OrderTime":"2019-04-01T15:38:53","Price":60.27000000,"Amount":225.31337000},{"Time":"2019-04-01T15:43:15","Situation":"flat","Id":"15046150","Type":"market","Side":"buy","OrderTime":"2019-04-01T15:38:55","Price":60.27000000,"Amount":130.02785000},{"Time":"2019-04-01T15:43:15","Situation":"flat","Id":"15046186","Type":"market","Side":"sell","OrderTime":"2019-04-01T15:39:08","Price":60.16000000,"Amount":122.20476000},{"Time":"2019-04-01T15:43:15","Situation":"flat","Id":"15046193","Type":"market","Side":"sell","OrderTime":"2019-04-01T15:39:08","Price":60.00000000,"Amount":182.14741000},{"Time":"2019-04-01T15:43:15","Situation":"flat","Id":"15046198","Type":"market","Side":"sell","OrderTime":"2019-04-01T15:39:08","Price":59.95000000,"Amount":200.77182000},{"Time":"2019-04-01T15:43:15","Situation":"flat","Id":"15046203","Type":"market","Side":"sell","OrderTime":"2019-04-01T15:39:08","Price":59.90000000,"Amount":177.15357000},{"Time":"2019-04-01T15:43:15","Situation":"flat","Id":"15046206","Type":"market","Side":"sell","OrderTime":"2019-04-01T15:39:08","Price":59.87000000,"Amount":101.57639000},{"Time":"2019-04-01T15:43:15","Situation":"flat","Id":"15046210","Type":"market","Side":"sell","OrderTime":"2019-04-01T15:39:08","Price":59.82000000,"Amount":558.26580000},{"Time":"2019-04-01T15:43:15","Situation":"flat","Id":"15046235","Type":"market","Side":"buy","OrderTime":"2019-04-01T15:39:08","Price":59.73000000,"Amount":302.24680000},{"Time":"2019-04-01T15:43:15","Situation":"flat","Id":"15046239","Type":"market","Side":"buy","OrderTime":"2019-04-01T15:39:08","Price":59.80000000,"Amount":519.28195000},{"Time":"2019-04-01T15:43:15","Situation":"flat","Id":"15046244","Type":"market","Side":"buy","OrderTime":"2019-04-01T15:39:08","Price":59.80000000,"Amount":168.53642000},{"Time":"2019-04-01T15:43:15","Situation":"flat","Id":"15046246","Type":"market","Side":"buy","OrderTime":"2019-04-01T15:39:08","Price":59.80000000,"Amount":884.87273000},{"Time":"2019-04-01T15:43:15","Situation":"flat","Id":"15046261","Type":"market","Side":"buy","OrderTime":"2019-04-01T15:39:08","Price":60.35000000,"Amount":105.47234000},{"Time":"2019-04-01T15:43:15","Situation":"flat","Id":"15046272","Type":"market","Side":"buy","OrderTime":"2019-04-01T15:39:08","Price":60.49000000,"Amount":217.77780000},{"Time":"2019-04-01T15:43:15","Situation":"flat","Id":"15046276","Type":"market","Side":"buy","OrderTime":"2019-04-01T15:39:08","Price":60.55000000,"Amount":108.24589000},{"Time":"2019-04-01T15:43:15","Situation":"flat","Id":"15046277","Type":"market","Side":"buy","OrderTime":"2019-04-01T15:39:08","Price":60.57000000,"Amount":339.14345000},{"Time":"2019-04-01T15:43:15","Situation":"flat","Id":"15046572","Type":"market","Side":"buy","OrderTime":"2019-04-01T15:40:49","Price":60.20000000,"Amount":420.00000000},{"Time":"2019-04-01T16:28:35","Situation":"flat","Id":"15047759","Type":"market","Side":"buy","OrderTime":"2019-04-01T16:27:24","Price":60.41000000,"Amount":101.05500000},{"Time":"2019-04-01T16:33:37","Situation":"flat","Id":"15047806","Type":"market","Side":"sell","OrderTime":"2019-04-01T16:31:06","Price":60.30000000,"Amount":235.45322000},{"Time":"2019-04-01T16:43:40","Situation":"flat","Id":"15047937","Type":"market","Side":"sell","OrderTime":"2019-04-01T16:39:31","Price":60.31000000,"Amount":107.22316000},{"Time":"2019-04-01T16:48:42","Situation":"flat","Id":"15047979","Type":"market","Side":"sell","OrderTime":"2019-04-01T16:46:19","Price":60.45000000,"Amount":500.00000000},{"Time":"2019-04-01T16:48:42","Situation":"flat","Id":"15047984","Type":"market","Side":"sell","OrderTime":"2019-04-01T16:46:19","Price":60.45000000,"Amount":250.00000000},{"Time":"2019-04-01T17:03:46","Situation":"flat","Id":"15048160","Type":"market","Side":"buy","OrderTime":"2019-04-01T17:00:04","Price":60.34000000,"Amount":100.00000000},{"Time":"2019-04-01T17:08:46","Situation":"flat","Id":"15048352","Type":"market","Side":"buy","OrderTime":"2019-04-01T17:08:38","Price":60.37000000,"Amount":205.04400000},{"Time":"2019-04-01T17:38:51","Situation":"flat","Id":"15048736","Type":"market","Side":"sell","OrderTime":"2019-04-01T17:38:14","Price":60.35000000,"Amount":117.76812000},{"Time":"2019-04-01T17:43:52","Situation":"flat","Id":"15048771","Type":"market","Side":"buy","OrderTime":"2019-04-01T17:41:49","Price":60.40000000,"Amount":183.79491000},{"Time":"2019-04-01T18:19:06","Situation":"flat","Id":"15049265","Type":"market","Side":"sell","OrderTime":"2019-04-01T18:18:17","Price":60.22000000,"Amount":118.95400000},{"Time":"2019-04-01T18:19:06","Situation":"flat","Id":"15049292","Type":"market","Side":"buy","OrderTime":"2019-04-01T18:18:39","Price":60.18000000,"Amount":356.03129000},{"Time":"2019-04-01T19:34:49","Situation":"flat","Id":"15049851","Type":"market","Side":"buy","OrderTime":"2019-04-01T19:34:27","Price":60.26000000,"Amount":107.51135000},{"Time":"2019-04-01T19:39:52","Situation":"flat","Id":"15049865","Type":"market","Side":"buy","OrderTime":"2019-04-01T19:35:12","Price":60.28000000,"Amount":137.48200000},{"Time":"2019-04-01T20:23:58","Situation":"flat","Id":"15050369","Type":"market","Side":"sell","OrderTime":"2019-04-01T20:22:43","Price":60.22000000,"Amount":114.69115000},{"Time":"2019-04-01T20:30:36","Situation":"flat","Id":"15050432","Type":"market","Side":"buy","OrderTime":"2019-04-01T20:29:26","Price":60.24000000,"Amount":121.20584000},{"Time":"2019-04-01T20:50:10","Situation":"flat","Id":"15050554","Type":"market","Side":"sell","OrderTime":"2019-04-01T20:47:48","Price":60.22000000,"Amount":108.79600000},{"Time":"2019-04-01T20:50:10","Situation":"flat","Id":"15050564","Type":"market","Side":"sell","OrderTime":"2019-04-01T20:47:49","Price":60.21000000,"Amount":129.87911000},{"Time":"2019-04-01T21:15:15","Situation":"flat","Id":"15050684","Type":"market","Side":"buy","OrderTime":"2019-04-01T21:12:34","Price":60.35000000,"Amount":126.91472000},{"Time":"2019-04-01T22:40:39","Situation":"flat","Id":"15051231","Type":"market","Side":"sell","OrderTime":"2019-04-01T22:40:26","Price":60.42000000,"Amount":143.37275000},{"Time":"2019-04-01T22:55:44","Situation":"flat","Id":"15051307","Type":"market","Side":"buy","OrderTime":"2019-04-01T22:54:49","Price":60.49000000,"Amount":196.12290000},{"Time":"2019-04-01T23:25:49","Situation":"flat","Id":"15051645","Type":"market","Side":"buy","OrderTime":"2019-04-01T23:23:35","Price":60.60000000,"Amount":185.74800000},{"Time":"2019-04-01T23:30:50","Situation":"flat","Id":"15051687","Type":"market","Side":"buy","OrderTime":"2019-04-01T23:27:44","Price":60.61000000,"Amount":137.33664000},{"Time":"2019-04-01T23:30:50","Situation":"flat","Id":"15051699","Type":"market","Side":"buy","OrderTime":"2019-04-01T23:28:48","Price":60.62000000,"Amount":241.36961000},{"Time":"2019-04-02T00:11:05","Situation":"flat","Id":"15052049","Type":"market","Side":"buy","OrderTime":"2019-04-02T00:08:43","Price":60.48000000,"Amount":140.03100000},{"Time":"2019-04-02T00:11:05","Situation":"flat","Id":"15052054","Type":"market","Side":"buy","OrderTime":"2019-04-02T00:08:44","Price":60.48000000,"Amount":106.31100000},{"Time":"2019-04-02T00:21:09","Situation":"flat","Id":"15052163","Type":"market","Side":"sell","OrderTime":"2019-04-02T00:20:02","Price":60.61000000,"Amount":171.55450000},{"Time":"2019-04-02T00:26:09","Situation":"flat","Id":"15052198","Type":"market","Side":"buy","OrderTime":"2019-04-02T00:21:22","Price":60.57000000,"Amount":100.99919000},{"Time":"2019-04-02T00:26:09","Situation":"flat","Id":"15052205","Type":"market","Side":"buy","OrderTime":"2019-04-02T00:21:42","Price":60.61000000,"Amount":135.34801000},{"Time":"2019-04-02T00:26:09","Situation":"flat","Id":"15052215","Type":"market","Side":"buy","OrderTime":"2019-04-02T00:21:58","Price":60.63000000,"Amount":198.15225000},{"Time":"2019-04-02T00:31:09","Situation":"flat","Id":"15052306","Type":"market","Side":"buy","OrderTime":"2019-04-02T00:26:14","Price":60.62000000,"Amount":144.04993000},{"Time":"2019-04-02T00:31:09","Situation":"flat","Id":"15052375","Type":"market","Side":"buy","OrderTime":"2019-04-02T00:29:58","Price":60.59000000,"Amount":115.50000000},{"Time":"2019-04-02T00:41:10","Situation":"flat","Id":"15052431","Type":"market","Side":"sell","OrderTime":"2019-04-02T00:36:45","Price":60.58000000,"Amount":112.23083000},{"Time":"2019-04-02T00:41:10","Situation":"flat","Id":"15052438","Type":"market","Side":"sell","OrderTime":"2019-04-02T00:36:45","Price":60.51000000,"Amount":140.85801000},{"Time":"2019-04-02T00:41:10","Situation":"flat","Id":"15052441","Type":"market","Side":"buy","OrderTime":"2019-04-02T00:36:45","Price":60.50000000,"Amount":417.07025000},{"Time":"2019-04-02T00:46:14","Situation":"flat","Id":"15052622","Type":"market","Side":"sell","OrderTime":"2019-04-02T00:45:24","Price":60.58000000,"Amount":111.88300000},{"Time":"2019-04-02T00:56:14","Situation":"flat","Id":"15052689","Type":"market","Side":"buy","OrderTime":"2019-04-02T00:52:49","Price":60.67000000,"Amount":118.31285000},{"Time":"2019-04-02T00:56:14","Situation":"flat","Id":"15052700","Type":"market","Side":"buy","OrderTime":"2019-04-02T00:53:06","Price":60.70000000,"Amount":127.82240000},{"Time":"2019-04-02T00:56:14","Situation":"flat","Id":"15052709","Type":"market","Side":"sell","OrderTime":"2019-04-02T00:53:07","Price":60.70000000,"Amount":180.00000000},{"Time":"2019-04-02T01:21:15","Situation":"flat","Id":"15053157","Type":"market","Side":"buy","OrderTime":"2019-04-02T01:20:20","Price":60.45000000,"Amount":260.00000000},{"Time":"2019-04-02T02:16:30","Situation":"flat","Id":"15053778","Type":"market","Side":"buy","OrderTime":"2019-04-02T02:11:56","Price":60.40000000,"Amount":150.00000000},{"Time":"2019-04-02T02:21:30","Situation":"flat","Id":"15053909","Type":"market","Side":"sell","OrderTime":"2019-04-02T02:20:35","Price":60.40000000,"Amount":108.96949000},{"Time":"2019-04-02T02:21:30","Situation":"flat","Id":"15053912","Type":"market","Side":"buy","OrderTime":"2019-04-02T02:20:35","Price":60.40000000,"Amount":148.41369000},{"Time":"2019-04-02T02:26:30","Situation":"flat","Id":"15053965","Type":"market","Side":"sell","OrderTime":"2019-04-02T02:23:38","Price":60.55000000,"Amount":102.32700000},{"Time":"2019-04-02T02:26:30","Situation":"flat","Id":"15054013","Type":"market","Side":"sell","OrderTime":"2019-04-02T02:24:32","Price":60.48000000,"Amount":198.66941000},{"Time":"2019-04-02T02:26:30","Situation":"flat","Id":"15054025","Type":"market","Side":"buy","OrderTime":"2019-04-02T02:24:34","Price":60.48000000,"Amount":100.00000000},{"Time":"2019-04-02T02:41:33","Situation":"flat","Id":"15054269","Type":"market","Side":"sell","OrderTime":"2019-04-02T02:38:28","Price":60.58000000,"Amount":129.15100000},{"Time":"2019-04-02T02:56:38","Situation":"flat","Id":"15054513","Type":"market","Side":"sell","OrderTime":"2019-04-02T02:55:49","Price":60.60000000,"Amount":194.60700000},{"Time":"2019-04-02T03:11:40","Situation":"flat","Id":"15054735","Type":"market","Side":"buy","OrderTime":"2019-04-02T03:09:25","Price":60.53000000,"Amount":145.76400000},{"Time":"2019-04-02T03:16:40","Situation":"flat","Id":"15054797","Type":"market","Side":"buy","OrderTime":"2019-04-02T03:15:42","Price":60.56000000,"Amount":102.48700000},{"Time":"2019-04-02T03:26:45","Situation":"flat","Id":"15054872","Type":"market","Side":"sell","OrderTime":"2019-04-02T03:22:26","Price":60.45000000,"Amount":105.77600000},{"Time":"2019-04-02T03:51:58","Situation":"flat","Id":"15055157","Type":"market","Side":"sell","OrderTime":"2019-04-02T03:47:01","Price":60.25000000,"Amount":145.91475000},{"Time":"2019-04-02T03:51:58","Situation":"flat","Id":"15055158","Type":"market","Side":"sell","OrderTime":"2019-04-02T03:47:01","Price":60.24000000,"Amount":119.10441000},{"Time":"2019-04-02T03:51:58","Situation":"flat","Id":"15055162","Type":"market","Side":"sell","OrderTime":"2019-04-02T03:47:01","Price":60.20000000,"Amount":150.81458000},{"Time":"2019-04-02T03:51:58","Situation":"flat","Id":"15055166","Type":"market","Side":"sell","OrderTime":"2019-04-02T03:47:01","Price":60.15000000,"Amount":139.88510000},{"Time":"2019-04-02T03:51:58","Situation":"flat","Id":"15055172","Type":"market","Side":"sell","OrderTime":"2019-04-02T03:47:01","Price":60.08000000,"Amount":563.18682000},{"Time":"2019-04-02T03:51:58","Situation":"flat","Id":"15055178","Type":"market","Side":"sell","OrderTime":"2019-04-02T03:47:01","Price":60.00000000,"Amount":1095.33724000},{"Time":"2019-04-02T03:51:58","Situation":"flat","Id":"15055187","Type":"market","Side":"buy","OrderTime":"2019-04-02T03:47:01","Price":60.00000000,"Amount":1300.55242000},{"Time":"2019-04-02T03:51:58","Situation":"flat","Id":"15055188","Type":"market","Side":"buy","OrderTime":"2019-04-02T03:47:01","Price":60.00000000,"Amount":156.02833000},{"Time":"2019-04-02T03:51:58","Situation":"flat","Id":"15055189","Type":"market","Side":"buy","OrderTime":"2019-04-02T03:47:01","Price":60.00000000,"Amount":736.43265000},{"Time":"2019-04-02T03:51:58","Situation":"flat","Id":"15055197","Type":"market","Side":"buy","OrderTime":"2019-04-02T03:47:01","Price":60.00000000,"Amount":472.58244000},{"Time":"2019-04-02T03:51:58","Situation":"flat","Id":"15055200","Type":"market","Side":"buy","OrderTime":"2019-04-02T03:47:01","Price":60.00000000,"Amount":495.10468000},{"Time":"2019-04-02T03:51:58","Situation":"flat","Id":"15055233","Type":"market","Side":"sell","OrderTime":"2019-04-02T03:47:02","Price":60.27000000,"Amount":166.69689000},{"Time":"2019-04-02T03:51:58","Situation":"flat","Id":"15055276","Type":"market","Side":"buy","OrderTime":"2019-04-02T03:47:05","Price":60.23000000,"Amount":150.00000000},{"Time":"2019-04-02T03:51:58","Situation":"flat","Id":"15055300","Type":"market","Side":"buy","OrderTime":"2019-04-02T03:47:10","Price":60.25000000,"Amount":110.00000000},{"Time":"2019-04-02T03:56:59","Situation":"flat","Id":"15055526","Type":"market","Side":"buy","OrderTime":"2019-04-02T03:52:25","Price":60.30000000,"Amount":152.65900000},{"Time":"2019-04-02T04:07:04","Situation":"flat","Id":"15055865","Type":"market","Side":"sell","OrderTime":"2019-04-02T04:02:53","Price":60.28000000,"Amount":387.04163000},{"Time":"2019-04-02T04:17:05","Situation":"flat","Id":"15056014","Type":"market","Side":"buy","OrderTime":"2019-04-02T04:13:29","Price":60.24000000,"Amount":160.82280000},{"Time":"2019-04-02T04:32:59","Situation":"trend","Id":"15056529","Type":"market","Side":"buy","OrderTime":"2019-04-02T04:32:57","Price":60.87000000,"Amount":350.00000000},{"Time":"2019-04-02T04:32:59","Situation":"trend","Id":"15056536","Type":"market","Side":"buy","OrderTime":"2019-04-02T04:32:58","Price":60.87000000,"Amount":100.00000000},{"Time":"2019-04-02T04:32:59","Situation":"trend","Id":"15056537","Type":"market","Side":"buy","OrderTime":"2019-04-02T04:32:58","Price":60.87000000,"Amount":100.00000000},{"Time":"2019-04-02T04:32:59","Situation":"trend","Id":"15056538","Type":"market","Side":"buy","OrderTime":"2019-04-02T04:32:58","Price":60.87000000,"Amount":100.00000000},{"Time":"2019-04-02T04:35:54","Situation":"trend","Id":"15056831","Type":"market","Side":"buy","OrderTime":"2019-04-02T04:33:41","Price":61.50000000,"Amount":180.01023000},{"Time":"2019-04-02T04:35:54","Situation":"trend","Id":"15056847","Type":"market","Side":"sell","OrderTime":"2019-04-02T04:33:41","Price":61.52000000,"Amount":250.00000000},{"Time":"2019-04-02T04:35:54","Situation":"trend","Id":"15056849","Type":"market","Side":"sell","OrderTime":"2019-04-02T04:33:41","Price":61.52000000,"Amount":220.42276000},{"Time":"2019-04-02T04:35:54","Situation":"trend","Id":"15056894","Type":"market","Side":"sell","OrderTime":"2019-04-02T04:33:46","Price":61.32000000,"Amount":366.92228000},{"Time":"2019-04-02T04:35:54","Situation":"trend","Id":"15056935","Type":"market","Side":"buy","OrderTime":"2019-04-02T04:33:53","Price":61.54000000,"Amount":106.95082000},{"Time":"2019-04-02T04:35:54","Situation":"trend","Id":"15056944","Type":"market","Side":"buy","OrderTime":"2019-04-02T04:33:53","Price":61.57000000,"Amount":104.57710000},{"Time":"2019-04-02T04:35:54","Situation":"trend","Id":"15057271","Type":"market","Side":"sell","OrderTime":"2019-04-02T04:34:52","Price":61.29000000,"Amount":100.00000000},{"Time":"2019-04-02T04:37:29","Situation":"trend","Id":"15057621","Type":"market","Side":"sell","OrderTime":"2019-04-02T04:36:38","Price":61.64000000,"Amount":190.00000000},{"Time":"2019-04-02T04:37:29","Situation":"trend","Id":"15057826","Type":"market","Side":"buy","OrderTime":"2019-04-02T04:37:08","Price":61.74000000,"Amount":202.45296000},{"Time":"2019-04-02T04:37:29","Situation":"trend","Id":"15057896","Type":"market","Side":"buy","OrderTime":"2019-04-02T04:37:24","Price":61.80000000,"Amount":129.45900000},{"Time":"2019-04-02T04:38:33","Situation":"trend","Id":"15057937","Type":"market","Side":"buy","OrderTime":"2019-04-02T04:37:34","Price":62.00000000,"Amount":704.26659000},{"Time":"2019-04-02T04:38:33","Situation":"trend","Id":"15057939","Type":"market","Side":"buy","OrderTime":"2019-04-02T04:37:34","Price":62.00000000,"Amount":202.92877000},{"Time":"2019-04-02T04:38:33","Situation":"trend","Id":"15057942","Type":"market","Side":"buy","OrderTime":"2019-04-02T04:37:34","Price":62.05000000,"Amount":166.27619000},{"Time":"2019-04-02T04:38:58","Situation":"trend","Id":"15058341","Type":"market","Side":"buy","OrderTime":"2019-04-02T04:38:55","Price":62.50000000,"Amount":365.11677000},{"Time":"2019-04-02T04:38:58","Situation":"trend","Id":"15058372","Type":"market","Side":"sell","OrderTime":"2019-04-02T04:38:56","Price":62.50000000,"Amount":396.43192000},{"Time":"2019-04-02T04:39:14","Situation":"trend","Id":"15058418","Type":"market","Side":"buy","OrderTime":"2019-04-02T04:39:01","Price":62.54000000,"Amount":158.21701000},{"Time":"2019-04-02T04:39:43","Situation":"trend","Id":"15058720","Type":"market","Side":"buy","OrderTime":"2019-04-02T04:39:29","Price":63.00000000,"Amount":100.00000000},{"Time":"2019-04-02T04:39:43","Situation":"trend","Id":"15058725","Type":"market","Side":"buy","OrderTime":"2019-04-02T04:39:30","Price":63.00000000,"Amount":104.14627000},{"Time":"2019-04-02T04:40:18","Situation":"trend","Id":"15059032","Type":"market","Side":"sell","OrderTime":"2019-04-02T04:40:01","Price":63.50000000,"Amount":170.90881000},{"Time":"2019-04-02T04:40:18","Situation":"trend","Id":"15059128","Type":"market","Side":"buy","OrderTime":"2019-04-02T04:40:06","Price":63.93000000,"Amount":119.99997000},{"Time":"2019-04-02T04:40:38","Situation":"trend","Id":"15059344","Type":"market","Side":"sell","OrderTime":"2019-04-02T04:40:24","Price":64.00000000,"Amount":106.75409000},{"Time":"2019-04-02T04:40:38","Situation":"trend","Id":"15059348","Type":"market","Side":"sell","OrderTime":"2019-04-02T04:40:24","Price":64.00000000,"Amount":143.21200000},{"Time":"2019-04-02T04:40:38","Situation":"trend","Id":"15059415","Type":"market","Side":"buy","OrderTime":"2019-04-02T04:40:29","Price":63.93000000,"Amount":213.30426000},{"Time":"2019-04-02T04:40:53","Situation":"trend","Id":"15059540","Type":"market","Side":"buy","OrderTime":"2019-04-02T04:40:43","Price":64.67000000,"Amount":107.11189000},{"Time":"2019-04-02T04:41:39","Situation":"trend","Id":"15059812","Type":"market","Side":"buy","OrderTime":"2019-04-02T04:41:16","Price":65.00000000,"Amount":142.13367000},{"Time":"2019-04-02T04:41:39","Situation":"trend","Id":"15059821","Type":"market","Side":"buy","OrderTime":"2019-04-02T04:41:17","Price":65.00000000,"Amount":100.00000000},{"Time":"2019-04-02T04:41:39","Situation":"trend","Id":"15059849","Type":"market","Side":"sell","OrderTime":"2019-04-02T04:41:25","Price":64.92000000,"Amount":149.99927000},{"Time":"2019-04-02T04:41:39","Situation":"trend","Id":"15059861","Type":"market","Side":"buy","OrderTime":"2019-04-02T04:41:27","Price":65.00000000,"Amount":150.30700000},{"Time":"2019-04-02T04:41:39","Situation":"trend","Id":"15059869","Type":"market","Side":"buy","OrderTime":"2019-04-02T04:41:28","Price":65.00000000,"Amount":690.00000000},{"Time":"2019-04-02T04:42:54","Situation":"trend","Id":"15060465","Type":"market","Side":"buy","OrderTime":"2019-04-02T04:42:47","Price":65.22000000,"Amount":127.62403000},{"Time":"2019-04-02T04:43:04","Situation":"trend","Id":"15060693","Type":"market","Side":"sell","OrderTime":"2019-04-02T04:43:03","Price":64.76000000,"Amount":179.35826000},{"Time":"2019-04-02T04:44:44","Situation":"trend","Id":"15061342","Type":"market","Side":"sell","OrderTime":"2019-04-02T04:44:17","Price":64.66000000,"Amount":148.50636000},{"Time":"2019-04-02T04:44:44","Situation":"trend","Id":"15061450","Type":"market","Side":"sell","OrderTime":"2019-04-02T04:44:32","Price":64.50000000,"Amount":370.00000000},{"Time":"2019-04-02T04:48:41","Situation":"trend","Id":"15061803","Type":"market","Side":"buy","OrderTime":"2019-04-02T04:45:27","Price":64.12000000,"Amount":223.09700000},{"Time":"2019-04-02T04:48:41","Situation":"trend","Id":"15062046","Type":"market","Side":"sell","OrderTime":"2019-04-02T04:46:05","Price":64.09000000,"Amount":141.88165000},{"Time":"2019-04-02T04:48:41","Situation":"trend","Id":"15062097","Type":"market","Side":"buy","OrderTime":"2019-04-02T04:46:10","Price":64.26000000,"Amount":109.78902000},{"Time":"2019-04-02T04:48:41","Situation":"trend","Id":"15062152","Type":"market","Side":"buy","OrderTime":"2019-04-02T04:46:18","Price":64.22000000,"Amount":120.00000000},{"Time":"2019-04-02T04:52:30","Situation":"trend","Id":"15063664","Type":"market","Side":"buy","OrderTime":"2019-04-02T04:52:09","Price":65.56000000,"Amount":175.19928000},{"Time":"2019-04-02T04:52:30","Situation":"trend","Id":"15063711","Type":"market","Side":"sell","OrderTime":"2019-04-02T04:52:24","Price":65.50000000,"Amount":140.00000000},{"Time":"2019-04-02T04:55:04","Situation":"trend","Id":"15064337","Type":"market","Side":"sell","OrderTime":"2019-04-02T04:53:47","Price":65.80000000,"Amount":189.68841000},{"Time":"2019-04-02T04:55:04","Situation":"trend","Id":"15064369","Type":"market","Side":"sell","OrderTime":"2019-04-02T04:53:48","Price":65.80000000,"Amount":104.80000000},{"Time":"2019-04-02T04:55:04","Situation":"trend","Id":"15064451","Type":"market","Side":"sell","OrderTime":"2019-04-02T04:53:53","Price":65.80000000,"Amount":264.63119000},{"Time":"2019-04-02T04:55:04","Situation":"trend","Id":"15064765","Type":"market","Side":"buy","OrderTime":"2019-04-02T04:54:31","Price":65.94000000,"Amount":120.62835000},{"Time":"2019-04-02T04:55:04","Situation":"trend","Id":"15064908","Type":"market","Side":"sell","OrderTime":"2019-04-02T04:54:50","Price":65.61000000,"Amount":261.41080000},{"Time":"2019-04-02T04:55:04","Situation":"trend","Id":"15064931","Type":"market","Side":"sell","OrderTime":"2019-04-02T04:54:53","Price":65.61000000,"Amount":129.09700000},{"Time":"2019-04-02T04:56:37","Situation":"trend","Id":"15065707","Type":"market","Side":"sell","OrderTime":"2019-04-02T04:56:33","Price":64.16000000,"Amount":157.69298000},{"Time":"2019-04-02T04:57:48","Situation":"trend","Id":"15065766","Type":"market","Side":"buy","OrderTime":"2019-04-02T04:56:40","Price":64.97000000,"Amount":102.95627000},{"Time":"2019-04-02T04:57:48","Situation":"trend","Id":"15065880","Type":"market","Side":"sell","OrderTime":"2019-04-02T04:56:56","Price":64.82000000,"Amount":127.85999000},{"Time":"2019-04-02T04:57:48","Situation":"trend","Id":"15066050","Type":"market","Side":"sell","OrderTime":"2019-04-02T04:57:14","Price":64.82000000,"Amount":661.22913000},{"Time":"2019-04-02T04:57:48","Situation":"trend","Id":"15066220","Type":"market","Side":"sell","OrderTime":"2019-04-02T04:57:40","Price":64.80000000,"Amount":110.00000000},{"Time":"2019-04-02T04:59:54","Situation":"trend","Id":"15066405","Type":"market","Side":"buy","OrderTime":"2019-04-02T04:58:10","Price":64.76000000,"Amount":225.63345000},{"Time":"2019-04-02T04:59:54","Situation":"trend","Id":"15066592","Type":"market","Side":"sell","OrderTime":"2019-04-02T04:58:51","Price":64.37000000,"Amount":108.69097000},{"Time":"2019-04-02T04:59:54","Situation":"trend","Id":"15066697","Type":"market","Side":"sell","OrderTime":"2019-04-02T04:59:15","Price":64.64000000,"Amount":138.01150000},{"Time":"2019-04-02T05:00:25","Situation":"trend","Id":"15066823","Type":"market","Side":"buy","OrderTime":"2019-04-02T05:00:06","Price":65.00000000,"Amount":115.87782000},{"Time":"2019-04-02T05:05:10","Situation":"trend","Id":"15068399","Type":"market","Side":"buy","OrderTime":"2019-04-02T05:04:27","Price":64.75000000,"Amount":187.56252000},{"Time":"2019-04-02T05:05:10","Situation":"trend","Id":"15068407","Type":"market","Side":"buy","OrderTime":"2019-04-02T05:04:27","Price":64.98000000,"Amount":105.39505000},{"Time":"2019-04-02T05:05:10","Situation":"trend","Id":"15068520","Type":"market","Side":"buy","OrderTime":"2019-04-02T05:04:46","Price":64.78000000,"Amount":245.12500000},{"Time":"2019-04-02T05:05:10","Situation":"trend","Id":"15068524","Type":"market","Side":"buy","OrderTime":"2019-04-02T05:04:46","Price":64.78000000,"Amount":100.00000000},{"Time":"2019-04-02T05:05:10","Situation":"trend","Id":"15068585","Type":"market","Side":"buy","OrderTime":"2019-04-02T05:04:56","Price":64.80000000,"Amount":270.00000000},{"Time":"2019-04-02T05:05:10","Situation":"trend","Id":"15068660","Type":"market","Side":"sell","OrderTime":"2019-04-02T05:05:08","Price":64.54000000,"Amount":243.09700000},{"Time":"2019-04-02T05:09:35","Situation":"trend","Id":"15069171","Type":"market","Side":"buy","OrderTime":"2019-04-02T05:07:42","Price":64.63000000,"Amount":119.99998000},{"Time":"2019-04-02T05:09:35","Situation":"trend","Id":"15069312","Type":"market","Side":"sell","OrderTime":"2019-04-02T05:08:30","Price":64.38000000,"Amount":141.44064000},{"Time":"2019-04-02T05:13:15","Situation":"trend","Id":"15069542","Type":"market","Side":"buy","OrderTime":"2019-04-02T05:09:43","Price":64.66000000,"Amount":152.49600000},{"Time":"2019-04-02T05:13:15","Situation":"trend","Id":"15070141","Type":"market","Side":"buy","OrderTime":"2019-04-02T05:12:12","Price":64.66000000,"Amount":126.57400000},{"Time":"2019-04-02T05:13:15","Situation":"trend","Id":"15070154","Type":"market","Side":"buy","OrderTime":"2019-04-02T05:12:13","Price":64.50000000,"Amount":260.00000000},{"Time":"2019-04-02T05:14:45","Situation":"trend","Id":"15070693","Type":"market","Side":"sell","OrderTime":"2019-04-02T05:14:32","Price":64.10000000,"Amount":101.16460000},{"Time":"2019-04-02T05:15:15","Situation":"trend","Id":"15070794","Type":"market","Side":"buy","OrderTime":"2019-04-02T05:14:55","Price":64.07000000,"Amount":205.78408000},{"Time":"2019-04-02T05:17:05","Situation":"trend","Id":"15070886","Type":"market","Side":"buy","OrderTime":"2019-04-02T05:15:26","Price":64.33000000,"Amount":390.00000000},{"Time":"2019-04-02T05:17:05","Situation":"trend","Id":"15070912","Type":"market","Side":"buy","OrderTime":"2019-04-02T05:15:31","Price":64.33000000,"Amount":208.61973000},{"Time":"2019-04-02T05:17:05","Situation":"trend","Id":"15071172","Type":"market","Side":"buy","OrderTime":"2019-04-02T05:16:57","Price":64.50000000,"Amount":379.83575000},{"Time":"2019-04-02T05:22:37","Situation":"flat","Id":"15071680","Type":"market","Side":"buy","OrderTime":"2019-04-02T05:18:16","Price":65.21000000,"Amount":119.15352000},{"Time":"2019-04-02T05:22:37","Situation":"flat","Id":"15071814","Type":"market","Side":"buy","OrderTime":"2019-04-02T05:18:43","Price":65.20000000,"Amount":151.43170000},{"Time":"2019-04-02T05:22:37","Situation":"flat","Id":"15071825","Type":"market","Side":"sell","OrderTime":"2019-04-02T05:18:44","Price":65.20000000,"Amount":334.07430000},{"Time":"2019-04-02T05:22:37","Situation":"flat","Id":"15071827","Type":"market","Side":"sell","OrderTime":"2019-04-02T05:18:44","Price":65.20000000,"Amount":149.61800000},{"Time":"2019-04-02T05:22:37","Situation":"flat","Id":"15072063","Type":"market","Side":"buy","OrderTime":"2019-04-02T05:19:28","Price":65.01000000,"Amount":135.19041000},{"Time":"2019-04-02T05:22:37","Situation":"flat","Id":"15072471","Type":"market","Side":"buy","OrderTime":"2019-04-02T05:20:45","Price":65.29000000,"Amount":119.99998000},{"Time":"2019-04-02T05:22:37","Situation":"flat","Id":"15072472","Type":"market","Side":"buy","OrderTime":"2019-04-02T05:20:45","Price":65.30000000,"Amount":126.03973000},{"Time":"2019-04-02T05:22:37","Situation":"flat","Id":"15072754","Type":"market","Side":"buy","OrderTime":"2019-04-02T05:21:54","Price":65.20000000,"Amount":183.53614000},{"Time":"2019-04-02T05:22:37","Situation":"flat","Id":"15072792","Type":"market","Side":"sell","OrderTime":"2019-04-02T05:22:01","Price":65.00000000,"Amount":104.75467000},{"Time":"2019-04-02T05:22:37","Situation":"flat","Id":"15072849","Type":"market","Side":"buy","OrderTime":"2019-04-02T05:22:20","Price":65.20000000,"Amount":217.32500000},{"Time":"2019-04-02T05:22:37","Situation":"flat","Id":"15072865","Type":"market","Side":"buy","OrderTime":"2019-04-02T05:22:23","Price":65.20000000,"Amount":102.61482000},{"Time":"2019-04-02T05:22:37","Situation":"flat","Id":"15072907","Type":"market","Side":"buy","OrderTime":"2019-04-02T05:22:36","Price":65.20000000,"Amount":192.08887000},{"Time":"2019-04-02T05:23:45","Situation":"trend","Id":"15073268","Type":"market","Side":"buy","OrderTime":"2019-04-02T05:23:40","Price":64.40000000,"Amount":246.43268000},{"Time":"2019-04-02T05:23:45","Situation":"trend","Id":"15073317","Type":"market","Side":"buy","OrderTime":"2019-04-02T05:23:44","Price":64.99000000,"Amount":128.45415000},{"Time":"2019-04-02T05:24:50","Situation":"trend","Id":"15073449","Type":"market","Side":"buy","OrderTime":"2019-04-02T05:24:12","Price":65.13000000,"Amount":160.15120000},{"Time":"2019-04-02T05:24:50","Situation":"trend","Id":"15073601","Type":"market","Side":"buy","OrderTime":"2019-04-02T05:24:36","Price":64.89000000,"Amount":112.79790000},{"Time":"2019-04-02T05:24:50","Situation":"trend","Id":"15073624","Type":"market","Side":"sell","OrderTime":"2019-04-02T05:24:40","Price":64.84000000,"Amount":101.75589000},{"Time":"2019-04-02T05:25:24","Situation":"trend","Id":"15073727","Type":"market","Side":"buy","OrderTime":"2019-04-02T05:25:02","Price":64.80000000,"Amount":627.30319000},{"Time":"2019-04-02T05:25:44","Situation":"trend","Id":"15073938","Type":"market","Side":"buy","OrderTime":"2019-04-02T05:25:31","Price":64.62000000,"Amount":185.52202000},{"Time":"2019-04-02T05:29:14","Situation":"trend","Id":"15074583","Type":"market","Side":"buy","OrderTime":"2019-04-02T05:28:10","Price":64.72000000,"Amount":242.18600000},{"Time":"2019-04-02T05:29:14","Situation":"trend","Id":"15074619","Type":"market","Side":"buy","OrderTime":"2019-04-02T05:28:21","Price":64.72000000,"Amount":884.04280000},{"Time":"2019-04-02T05:35:14","Situation":"trend","Id":"15075575","Type":"market","Side":"sell","OrderTime":"2019-04-02T05:33:42","Price":64.48000000,"Amount":102.92047000},{"Time":"2019-04-02T05:35:14","Situation":"trend","Id":"15075688","Type":"market","Side":"buy","OrderTime":"2019-04-02T05:33:54","Price":64.47000000,"Amount":160.96000000},{"Time":"2019-04-02T05:35:14","Situation":"trend","Id":"15075690","Type":"market","Side":"buy","OrderTime":"2019-04-02T05:33:54","Price":64.47000000,"Amount":100.00000000},{"Time":"2019-04-02T05:39:19","Situation":"trend","Id":"15076457","Type":"market","Side":"buy","OrderTime":"2019-04-02T05:37:43","Price":64.50000000,"Amount":1190.00000000},{"Time":"2019-04-02T05:39:19","Situation":"trend","Id":"15076458","Type":"market","Side":"buy","OrderTime":"2019-04-02T05:37:43","Price":64.50000000,"Amount":1083.74230000},{"Time":"2019-04-02T05:42:14","Situation":"trend","Id":"15077232","Type":"market","Side":"buy","OrderTime":"2019-04-02T05:42:13","Price":64.60000000,"Amount":122.49200000},{"Time":"2019-04-02T05:44:14","Situation":"trend","Id":"15077288","Type":"market","Side":"buy","OrderTime":"2019-04-02T05:42:30","Price":64.72000000,"Amount":199.99994000},{"Time":"2019-04-02T05:44:14","Situation":"trend","Id":"15077347","Type":"market","Side":"buy","OrderTime":"2019-04-02T05:42:50","Price":64.60000000,"Amount":140.00000000},{"Time":"2019-04-02T05:44:14","Situation":"trend","Id":"15077404","Type":"market","Side":"buy","OrderTime":"2019-04-02T05:43:10","Price":64.67000000,"Amount":111.00000000},{"Time":"2019-04-02T05:44:14","Situation":"trend","Id":"15077414","Type":"market","Side":"sell","OrderTime":"2019-04-02T05:43:11","Price":64.73000000,"Amount":154.22900000},{"Time":"2019-04-02T05:44:14","Situation":"trend","Id":"15077416","Type":"market","Side":"sell","OrderTime":"2019-04-02T05:43:11","Price":64.73000000,"Amount":273.62285000},{"Time":"2019-04-02T05:48:05","Situation":"trend","Id":"15077640","Type":"market","Side":"buy","OrderTime":"2019-04-02T05:44:51","Price":64.85000000,"Amount":101.65936000},{"Time":"2019-04-02T05:49:10","Situation":"trend","Id":"15078166","Type":"market","Side":"sell","OrderTime":"2019-04-02T05:48:55","Price":65.08000000,"Amount":172.39417000},{"Time":"2019-04-02T05:50:45","Situation":"trend","Id":"15078315","Type":"market","Side":"sell","OrderTime":"2019-04-02T05:49:36","Price":64.84000000,"Amount":170.00000000},{"Time":"2019-04-02T05:52:28","Situation":"trend","Id":"15078639","Type":"market","Side":"buy","OrderTime":"2019-04-02T05:51:39","Price":64.38000000,"Amount":103.59466000},{"Time":"2019-04-02T05:58:10","Situation":"trend","Id":"15079766","Type":"market","Side":"sell","OrderTime":"2019-04-02T05:57:33","Price":64.80000000,"Amount":259.43123000},{"Time":"2019-04-02T05:58:10","Situation":"trend","Id":"15079772","Type":"market","Side":"sell","OrderTime":"2019-04-02T05:57:38","Price":64.80000000,"Amount":250.00000000},{"Time":"2019-04-02T05:58:10","Situation":"trend","Id":"15079774","Type":"market","Side":"sell","OrderTime":"2019-04-02T05:57:38","Price":64.80000000,"Amount":100.00000000},{"Time":"2019-04-02T06:06:30","Situation":"trend","Id":"15080843","Type":"market","Side":"buy","OrderTime":"2019-04-02T06:05:08","Price":64.43000000,"Amount":242.14000000},{"Time":"2019-04-02T06:10:31","Situation":"trend","Id":"15081411","Type":"market","Side":"buy","OrderTime":"2019-04-02T06:08:13","Price":64.73000000,"Amount":133.29497000},{"Time":"2019-04-02T06:10:31","Situation":"trend","Id":"15081512","Type":"market","Side":"buy","OrderTime":"2019-04-02T06:09:19","Price":64.73000000,"Amount":129.85670000},{"Time":"2019-04-02T06:13:59","Situation":"trend","Id":"15081874","Type":"market","Side":"buy","OrderTime":"2019-04-02T06:11:53","Price":65.15000000,"Amount":104.69207000},{"Time":"2019-04-02T06:13:59","Situation":"trend","Id":"15081975","Type":"market","Side":"buy","OrderTime":"2019-04-02T06:12:23","Price":65.15000000,"Amount":236.38693000},{"Time":"2019-04-02T06:13:59","Situation":"trend","Id":"15082253","Type":"market","Side":"buy","OrderTime":"2019-04-02T06:13:42","Price":65.07000000,"Amount":108.73400000},{"Time":"2019-04-02T06:17:29","Situation":"trend","Id":"15082552","Type":"market","Side":"sell","OrderTime":"2019-04-02T06:15:20","Price":65.38000000,"Amount":117.07895000},{"Time":"2019-04-02T06:19:24","Situation":"trend","Id":"15083190","Type":"market","Side":"sell","OrderTime":"2019-04-02T06:17:35","Price":64.96000000,"Amount":106.18225000},{"Time":"2019-04-02T06:19:24","Situation":"trend","Id":"15083550","Type":"market","Side":"buy","OrderTime":"2019-04-02T06:19:00","Price":65.00000000,"Amount":128.57890000},{"Time":"2019-04-02T06:22:15","Situation":"trend","Id":"15083667","Type":"market","Side":"buy","OrderTime":"2019-04-02T06:19:29","Price":65.49000000,"Amount":105.46870000},{"Time":"2019-04-02T06:22:15","Situation":"trend","Id":"15083669","Type":"market","Side":"buy","OrderTime":"2019-04-02T06:19:29","Price":65.50000000,"Amount":119.03210000},{"Time":"2019-04-02T06:22:15","Situation":"trend","Id":"15083693","Type":"market","Side":"sell","OrderTime":"2019-04-02T06:19:35","Price":65.48000000,"Amount":167.91634000},{"Time":"2019-04-02T06:22:15","Situation":"trend","Id":"15084055","Type":"market","Side":"buy","OrderTime":"2019-04-02T06:21:24","Price":65.51000000,"Amount":156.44827000},{"Time":"2019-04-02T06:22:15","Situation":"trend","Id":"15084057","Type":"market","Side":"buy","OrderTime":"2019-04-02T06:21:24","Price":65.51000000,"Amount":156.49557000},{"Time":"2019-04-02T06:22:15","Situation":"trend","Id":"15084060","Type":"market","Side":"buy","OrderTime":"2019-04-02T06:21:24","Price":65.51000000,"Amount":156.44827000},{"Time":"2019-04-02T06:22:15","Situation":"trend","Id":"15084061","Type":"market","Side":"buy","OrderTime":"2019-04-02T06:21:24","Price":65.51000000,"Amount":156.49557000},{"Time":"2019-04-02T06:22:15","Situation":"trend","Id":"15084062","Type":"market","Side":"buy","OrderTime":"2019-04-02T06:21:24","Price":65.51000000,"Amount":250.00000000},{"Time":"2019-04-02T06:22:15","Situation":"trend","Id":"15084063","Type":"market","Side":"buy","OrderTime":"2019-04-02T06:21:24","Price":65.51000000,"Amount":156.44827000},{"Time":"2019-04-02T06:22:15","Situation":"trend","Id":"15084092","Type":"market","Side":"buy","OrderTime":"2019-04-02T06:21:30","Price":65.51000000,"Amount":210.00000000},{"Time":"2019-04-02T06:22:35","Situation":"trend","Id":"15084321","Type":"market","Side":"buy","OrderTime":"2019-04-02T06:22:21","Price":66.00000000,"Amount":116.48640000},{"Time":"2019-04-02T06:22:35","Situation":"trend","Id":"15084389","Type":"market","Side":"buy","OrderTime":"2019-04-02T06:22:31","Price":66.00000000,"Amount":279.04003000},{"Time":"2019-04-02T06:23:21","Situation":"trend","Id":"15084700","Type":"market","Side":"buy","OrderTime":"2019-04-02T06:23:18","Price":66.58000000,"Amount":119.99998000},{"Time":"2019-04-02T06:23:36","Situation":"trend","Id":"15084848","Type":"market","Side":"buy","OrderTime":"2019-04-02T06:23:29","Price":66.90000000,"Amount":193.49960000},{"Time":"2019-04-02T06:23:36","Situation":"trend","Id":"15084867","Type":"market","Side":"buy","OrderTime":"2019-04-02T06:23:31","Price":66.90000000,"Amount":130.00000000},{"Time":"2019-04-02T06:23:36","Situation":"trend","Id":"15084881","Type":"market","Side":"buy","OrderTime":"2019-04-02T06:23:33","Price":67.00000000,"Amount":158.81818000},{"Time":"2019-04-02T06:23:51","Situation":"trend","Id":"15084946","Type":"market","Side":"buy","OrderTime":"2019-04-02T06:23:42","Price":67.20000000,"Amount":119.44013000},{"Time":"2019-04-02T06:23:51","Situation":"trend","Id":"15085051","Type":"market","Side":"buy","OrderTime":"2019-04-02T06:23:50","Price":67.33000000,"Amount":267.94286000},{"Time":"2019-04-02T06:24:17","Situation":"trend","Id":"15085146","Type":"market","Side":"buy","OrderTime":"2019-04-02T06:23:57","Price":67.50000000,"Amount":124.64746000},{"Time":"2019-04-02T06:24:17","Situation":"trend","Id":"15085296","Type":"market","Side":"sell","OrderTime":"2019-04-02T06:24:14","Price":67.69000000,"Amount":148.50507000},{"Time":"2019-04-02T06:24:17","Situation":"trend","Id":"15085305","Type":"market","Side":"buy","OrderTime":"2019-04-02T06:24:15","Price":67.69000000,"Amount":628.39722000},{"Time":"2019-04-02T06:24:17","Situation":"trend","Id":"15085316","Type":"market","Side":"sell","OrderTime":"2019-04-02T06:24:15","Price":67.80000000,"Amount":218.99486000},{"Time":"2019-04-02T06:27:13","Situation":"trend","Id":"15085392","Type":"market","Side":"buy","OrderTime":"2019-04-02T06:24:24","Price":68.00000000,"Amount":189.07402000},{"Time":"2019-04-02T06:27:13","Situation":"trend","Id":"15085475","Type":"market","Side":"sell","OrderTime":"2019-04-02T06:24:32","Price":67.61000000,"Amount":162.00647000},{"Time":"2019-04-02T06:27:13","Situation":"trend","Id":"15085602","Type":"market","Side":"buy","OrderTime":"2019-04-02T06:24:51","Price":68.00000000,"Amount":125.02675000},{"Time":"2019-04-02T06:27:13","Situation":"trend","Id":"15085664","Type":"market","Side":"buy","OrderTime":"2019-04-02T06:24:53","Price":67.90000000,"Amount":100.00000000},{"Time":"2019-04-02T06:27:13","Situation":"trend","Id":"15085898","Type":"market","Side":"buy","OrderTime":"2019-04-02T06:25:13","Price":67.85000000,"Amount":100.00000000},{"Time":"2019-04-02T06:27:13","Situation":"trend","Id":"15086041","Type":"market","Side":"buy","OrderTime":"2019-04-02T06:25:22","Price":67.63000000,"Amount":143.53064000},{"Time":"2019-04-02T06:27:13","Situation":"trend","Id":"15086045","Type":"market","Side":"buy","OrderTime":"2019-04-02T06:25:22","Price":67.85000000,"Amount":120.99997000},{"Time":"2019-04-02T06:27:13","Situation":"trend","Id":"15086299","Type":"market","Side":"buy","OrderTime":"2019-04-02T06:25:40","Price":67.87000000,"Amount":140.62305000},{"Time":"2019-04-02T06:27:13","Situation":"trend","Id":"15086303","Type":"market","Side":"sell","OrderTime":"2019-04-02T06:25:40","Price":67.74000000,"Amount":131.33334000}